2476 4576
803 107 805 114 .

662 146 666 171 ἕ
751 144 757 176 l

803 178 806 191 Ι

364 256 369 282 ’
401 270 466 335 XI.
489 269 723 352 Actnnmtct.
959 279 1039 351 2185*

102 444 251 511 blicaTi.
250 444 450 531 ‚Gracchum
471 447 528 527 qui
549 444 657 506 otium
678 442 896 524 perturbaret,
917 445 957 504 sic
971 443 1035 509 Ar·
1063 449 1068 457 '

103 516 313 625 cesilas,qui
320 543 526 611 constitutam
546 542 783 638 philosophiam
806 553 981 627 everteret,
1002 555 1035 605 et
1088 534 1096 539 ’

91 640 143 700 'in
174 659 307 700 eorum
328 643 514 739 auctoritate
552 622 776 737 delitesceret,
790 640 856 719 qui
872 616 1060 719 negassent

104 737 303 818 quidquam
308 736 384 822 sciri
410 753 467 799 aut
488 727 609 820 percipi
634 734 750 818 posse..
770 719 789 811 (
801 734 851 794 stu
877 733 988 799 Lucus!
977 736 1033 808 sur,
1072 726 1080 786 s
1111 752 1119 763 ³

68 866 73 885 ι
104 832 290 895 Academiae
311 852 418 904 recent.
442 831 670 946 adversqrsut.)

190 933 341 994 Arcesilas
363 930 530 1014 primum,
544 935 600 1011 qui
618 934 836 993 Polemonem
858 928 1033 1002 audiverat,
1051 919 1099 972 0²·
1111 922 1138 995 3
1140 917 1198 980 ι8

105 1049 147 1092 ex
164 1031 263 1110 pariis
274 1030 417 1091 Platonis
435 1031 525 1090 libris
544 1027 812 1116 sermonibusque
824 1027 959 1088 Socratis
974 1027 1036 1087 hoc

104 1129 254 1219 maxime
273 1130 417 1208 arripuit,
431 1128 516 1188 nibil
536 1126 596 1188 elsa
620 1125 799 1205 certi,quod
821 1137 876 1196 aut
896 1123 1036 1186 sensibus
1113 1146 1115 1156 ·

92 1238 165 1306 aut
180 1227 292 1328 animo
306 1227 427 1304 percipi
417 1218 548 1305 'possttt
564 1244 667 1304 quem
687 1223 798 1284 serunt
817 1223 937 1301 eximio
956 1241 1038 1301 quo·

84 1323 186 1396 *dem
200 1302 305 1382 usum
332 1322 440 1400 lepore
468 1321 597 1396 dicendi
618 1321 824 1402 aspernatum
846 1297 905 1378 esse
936 1337 1037 1380 omne
1058 1356 1064 1363 ·

105 1421 224 1482 animi
234 1416 406 1503 sensusque
435 1416 618 1496 judicium,
636 1422 851 1501 primumque
872 1415 1042 1479 instituisse
1208 1477 1210 1480 .

104 1519 313 1597 (quanquam
332 1515 368 1575 id
387 1515 450 1574 suit
468 1517 668 1584 Socraticum
689 1517 852 1591 maxime)
871 1533 940 1598 ιιοιι
960 1515 1038 1594 quiri
1129 1503 1132 1508 ¹
1167 1504 1196 1520 ”

93 1614 174 1696 ,ipse
195 1614 350 1688 sentiret
360 1611 541 1686 ostendere3
557 1612 609 1675 sed
631 1626 742 1675 contra
764 1613 820 1686 id,
843 1613 936 1691 quod
949 1614 1038 1717 quis·
1215 1681 1216 1689 ι

106 1733 174 1793 que
175 1702 225 1774 se
248 1711 364 1774 sentire
383 1711 524 1788 dixisset,
530 1709 700 1793 disputare.
721 1711 809 1772 Hinc
829 1711 907 1772 haec
926 1726 1050 1770 recen-¹

105 1812 173 1870 tior
192 1809 378 1872 Academia
391 1812 588 1872 emanavit.
1148 1798 1150 1807 ¹
1184 1807 1189 1818 '

195 1906 284 1968 Cum
298 1907 439 1980 Zenone,
448 1917 485 1962 ut
501 1905 852 1986 accepimus,Arcesrlas
866 1906 922 1966 sibi
938 1924 1038 1966 omne
1054 1913 1102 1968 Ac.
1118 1931 1142 1981 1,
1160 1917 1202 1969 ιιι

66 2000 70 2013 ’
108 2017 276 2067 certamen
306 2000 462 2075 instituit,
483 2020 553 2060 non
576 2004 748 2082 pertinatia
768 2014 824 2072 aut
843 2001 944 2096 studio
966 2006 1068 2062 vin-¹
1134 2015 1135 2018 ’
1190 2081 1195 2088 Β

108 2102 216 2181 cendi,
230 2114 268 2160 ut
288 2099 374 2158 mihi
396 2093 531 2178 quidem
551 2099 691 2175 videtu-i,
713 2099 766 2162 sed
790 2117 903 2161 earum
926 2121 1042 2162 rerum
1128 2141 1130 2144 >
1201 2091 1208 2142 f
1230 2118 1231 2123 ’

82 2192 313 2271 obscuritate,
337 2215 417 2275 quae
440 2196 482 2256 ari
503 2190 737 2306 consessmnem
757 2199 968 2287 ignorationis
987 2199 1042 2258 ad·
1076 2249 1094 2264 ..

110 2293 270 2356 dtixerant
290 2294 472 2369 Socratem,
495 2307 528 2354 et
548 2288 616 2371 ja'rn
639 2285 713 2362 ante
731 2299 896 2407 chrstem
916 2296 1041 2355 Demo-

109 2392 243 2493 critunt,
262 2392 507 2504 Anaxagoram,
525 2393 777 2473 Empedoclem,
802 2412 918 2454 omnes
939 2392 1042 2473 paene

55 2525 57 2529 ν
98 2464 417 2569 palmesquinihil
439 2486 696 2575 cognosci,nihil
713 2494 843 2581 percipi,
866 2492 951 2552 nihil
971 2492 1043 2553 sciri
1120 2514 1151 2541 ¹·
1182 2496 1184 2504 ⁴

108 2586 197 2672 posse
211 2586 371 2647 dixerunt.
389 2589 498 2666 ltaque
513 2599 545 2646 et
556 2589 707 2649 Arcesilas
723 2591 860 2672 negabat
876 2589 935 2650 esse
952 2591 1043 2669 quida

110 2705 232 2768 quain,
257 2685 343 2764 quod
360 2683 435 2744 sciri
454 2684 571 2764 posset,
590 2691 640 2743 'ne
662 2685 744 2744 illud
766 2687 902 2765 quidem
923 2687 1043 2765 ipsum,

85 2822 90 2830 ·
110 2783 201 2866 quod
219 2782 362 2844 Socrates
384 2782 443 2842 fibi
463 2780 636 2860 reliquisset
656 2783 671 2855 (
678 2804 710 2863 p.
730 2786 814 2860 δι),
857 2783 909 2843 sic
929 2783 1043 2848 omnia

61 2888 71 2914 '¹
110 2882 210 2945 latere
235 2877 381 2940 censebat
403 2876 439 2937 in
467 2878 608 2940 occulto:
634 2899 741 2961 neque
770 2878 830 2940 esse¹
850 2880 1043 2961 quidquam,

62 3040 64 3045 ,
111 2977 201 3060 quod
217 2979 305 3038 cerni
318 2990 373 3036 aut
386 2975 522 3059 intelligi
541 2975 655 3057 posset:
672 2979 791 3058 quibus
814 2978 853 3039 de
872 2978 968 3040 causis
990 2980 1043 3038 ni-

58 3132 61 3137 .
110 3077 162 3139 hil
180 3089 326 3158 oportere
348 3093 455 3152 neque
474 3075 615 3154 profiteri
631 3093 738 3155 neque
753 3070 912 3141 affirmare
930 3063 1044 3161 'quem-
1146 3078 1150 3090 '

111 3192 242 3258 quam,
274 3191 381 3252 neque
416 3169 587 3235 assensione
619 3152 808 3258 approbem,
832 3175 1046 3258 cohibereque
1100 3230 1104 3239 .

112 3271 242 3355 semper
267 3283 300 3331 et
325 3269 365 3329 ab
393 3264 487 3329 omni
511 3268 600 3351 lapsu
623 3273 787 3335 continere
807 3276 1046 3353 temeritatem,

112 3388 196 3451 quae
212 3381 292 3428 ¹tum
306 3364 654 3457 eiset‚vins1gnis,.quum
672 3382 727 3428 aut
744 3367 816 3428 salsa
829 3385 885 3432 aut
897 3375 1046 3454 incogni-

112 3482 145 3529 te
160 3485 212 3527 res
230 3467 474 3546 approbaretur:
492 3485 600 3547 neque
617 3465 679 3525 hoc
698 3466 877 3546 quidquam
896 3466 955 3528 esse
977 3483 1047 3530 tur·
1087 3488 1089 3498 ·

111 3566 188 3648 pius
200 3606 211 3638 ,
233 3582 334 3642 quam
365 3563 543 3644 cognitioni
564 3575 597 3624 et
617 3567 815 3644 perceptioni
836 3564 1046 3627 assensionem
1088 3588 1091 3599 ¹

100 3662 446 3746 approbationemque
467 3657 686 3747 praecurrere.
714 3653 935 3723 Huic'rationi
958 3665 1047 3745 quod

114 3775 184 3823 erat
205 3747 482 3833 consentaneum,
504 3758 637 3836 siciebat
655 3754 672 3832 ,'
686 3772 725 3818 ut
753 3773 862 3820 contra
890 3765 1048 3826 omnium

116 3857 291 3922 sententias
305 3855 413 3918 dicens
425 3855 494 3935 jam
507 3857 676 3939 plerosque
690 3856 932 3938 deducerettut,
941 3880 1048 3941 quum

241 4019 246 4063 Ι
646 3954 724 4033 M5
944 3997 947 4006 ι
1010 3960 1049 4023 in
