2476 4576
254 272 299 345 14
381 259 485 326 Scor.
509 260 538 324 1.
564 250 1047 328 nrt-PntcosorrrJ'Brrirtn.
1112 243 1116 261 ¹

95 436 131 497 Ιι,
141 418 238 510 ⁸11'142
278 432 433 498 Tradunt
450 438 540 497 'etiam
565 432 761 499 Zoroastrem
781 434 823 497 'in
849 435 978 522 desertis
1009 436 1095 497 caseo
1118 434 1171 498 v'i·
1208 488 1212 493 .

122 732 147 790 l.
166 752 193 802 1,
213 753 237 790 t.

240 604 243 609 ,
277 533 366 602 ,xiffe
387 535 489 595 ann'os
510 535 634 615 viginti,
655 535 698 594 ita
716 544 903 616 temperato,
922 550 961 595 ut
977 534 1171 598 vetustatem

289 650 358 692 non
380 630 518 693 sentiret.

354 727 480 812 Jufiinus
502 727 537 788 de
557 727 720 812 Zoroastre
741 726 787 789 ito
802 725 924 813 scribit:
939 730 1050 805 Νίκη),
1069 735 1169 815 primo
1229 737 1234 749 '

290 829 355 909 regi
372 824 571 912 Affyriorum,
590 826 716 891 bellum
735 844 813 888 curu
825 826 982 888 Zoroastre
1004 848 1077 909 rege
1092 832 1171 892 Bac·

291 930 477 986 trianornnr
503 925 584 999 fuit,
606 926 661 1003 qui
680 926 806 1005 primus
827 925 942 984 dicitur
964 939 1044 985 artes
1066 929 1171 1008 magi.

292 1042 341 1085 cas
370 1020 543 1099 inveniiie,
573 1037 605 1081 et
629 1023 746 1083 mundi
778 1023 932 1103 principia
964 1014 1171 1105 siderumque

133 1132 144 1145 ‘
241 1166 243 1171 -
288 1134 400 1189 motus
419 1115 655 1211 diligentissime
679 1118 821 1199 spectaiie
839 1122 899 1200 (ὅ).

1017 1369 1048 1445 t.
1069 1367 1170 1435 nun.

147 1516 151 1524 ¹
188 1554 193 1571 -·
282 1490 518 1605 (tricenarium
536 1526 616 1584 locos
633 1547 696 1585 eum
719 1523 752 1587 in
769 1526 854 1584 finem
873 1526 970 1608 selegi,
984 1547 1015 1586 ut
1032 1511 1189 1587 vidirent‘

263 1639 269 1651 ·
318 1615 438 1677 tirones,
460 1612 563 1686 partim
583 1631 667 1684 quarn
686 1611 813 1667 absurdis
829 1613 1104 1668 fabulitZoroaiirit
1121 1616 1169 1669 hi-

314 1695 401 1751 storia
426 1693 498 1749 clim
525 1708 659 1747 exornate
688 1694 793 1759 fuerit,
819 1694 924 1768 partim
953 1713 1038 1770 quarn
1062 1696 1169 1752 multis

316 1795 345 1829 ee
381 1774 659 1829 contradictionibus
690 1789 793 1846 atque¹
815 1776 939 1828 tenebris
968 1775 1103 1830 involuta
1126 1779 1169 1830 fit·

317 1857 424 1912 Omnia
442 1856 546 1910 incerte
565 1856 641 1920 sunt,
660 1854 753 1928 patria
776 1861 905 1930 (praeter
926 1858 1017 1927 Persas
1036 1857 1113 1912 eniin
1132 1859 1169 1912 ad

317 1936 476 1990 Chaldaeos
499 1937 650 2009 praecipue
674 1934 796 1988 refertur
821 1936 1168 2012 etcitaldaicue'philo-

315 2017 432 2094 sophiae
463 2019 597 2071 conditor
630 2016 776 2082 habetur),
813 2032 935 2089 tempus,
960 2037 1018 2092 quo
1045 2021 1168 2088 vixerit,

314 2105 490 2175 (quanquam
504 2099 538 2151 nd
551 2097 702 2152 veritatem
720 2098 851 2168 proxime
869 2099 1015 2165 accedunt,
1027 2101 1079 2173 qui
1099 2122 1168 2156 cum

313 2199 375 2237 non
393 2182 470 2234 ultre
489 2178 574 2237 Darii
598 2179 781 2252 Hystaspidae
809 2195 935 2253 tempora
959 2181 1094 2258 ess'urgere
1114 2205 1168 2256 pu.

310 2263 397 2333 ιω),
417 2261 560 2337 dogmata,
579 2260 671 2314 immo
689 2260 784 2333 ipsum
803 2279 925 2328 nomen,
939 2261 1021 2337 quod
1039 2262 1169 2320 diverfii·
1189 2266 1191 2271 ’

218 2350 220 2355 “
313 2346 380 2399 fitne
407 2341 549 2395 scribitur.
584 2340 643 2395 Sub
667 2338 752 2394 illius
778 2342 896 2396 nomine
919 2362 991 2417 quae
1016 2342 1089 2398 olirn
1112 2346 1167 2399 cir·

314 2421 440 2478 cumlcta
457 2423 521 2476 sunt
540 2421 641 2495 scripta
652 2462 661 2488 ‚
680 2438 803 2495 qnorum
822 2422 963 2488 nonnulli
982 2425 1168 2502 adhuc-freg-

127 2498 137 2505 “
211 2510 216 2519 “
313 2519 409 2559 menta
426 2504 545 2568 exstant,
562 2521 622 2556 non
639 2504 723 2556 facile
739 2503 890 2576 quitquam
908 2505 1027 2559 senioris
1048 2505 1166 2564 criticae

312 2586 429 2664 legibus
449 2584 625 2638 exercitatus
646 2602 700 2659 pro
737 2588 864 2661 genuino
896 2584 1054 2651 Zoroastrit
1084 2588 1167 2644 foetu
1218 2574 1225 2591 ²

235 2706 238 2711 -
312 2666 425 2727 habuit.
461 2665 546 2719 illum
576 2682 648 2720 vero
670 2666 841 2740 scriptorum
867 2667 1055 2743 sartaginum,
1080 2690 1168 2743 quam

311 2766 373 2803 non
391 2746 499 2802 multoe
518 2745 622 2801 abhinc
640 2765 729 2800 annos
747 2767 783 2800 ex
811 2748 930 2801 Oriente
952 2751 984 2802 ad
1006 2768 1058 2804 nos
1077 2766 1187 2806 trinu·

311 2822 384 2883 tulit
402 2829 540 2900 Anqaetil
556 2829 593 2881 clu
613 2832 730 2894 Patron,
757 2845 785 2882 et
810 2828 935 2901 specioso
961 2829 1168 2906 leod-Acestae

311 2910 402 2965 titulo
422 2909 546 2983 praefixo
565 2909 719 2985 vulgavit,
742 2927 801 2961 non
825 2908 920 2963 multo
940 2911 1060 2980 majoris
1077 2916 1168 2987 pretii

285 3058 288 3065 .
312 3007 341 3046 et
358 2991 425 3044 fidei
442 2991 503 3056 etse,
522 2991 580 3059 jam
597 2990 684 3044 multi
703 2992 824 3063 probare
842 2992 939 3046 conati
958 2995 1037 3056 iunt;
1056 3011 1168 3050 contra-

284 3070 286 3075 ’
312 3070 477 3126 dicentibut
495 3084 588 3124 tamen
606 3072 672 3126 aliie
690 3090 750 3125 non
767 3073 864 3126 minut
882 3073 985 3139 doctis,
1001 3075 1079 3128 inter
1095 3094 1167 3146 quet

311 3152 451 3226 inprimit
468 3153 574 3205 eminet
599 3152 648 3209 ct.
671 3152 840 3226 Tycbient
841 3156 875 3209 in
891 3166 1045 3212 comment.
1068 3157 1165 3212 societ·

312 3234 475 3309 Goetting)
491 3261 524 3274 -
541 3231 614 3297 iilia,
634 3253 702 3307 quat
721 3234 796 3301 dixi,
814 3251 841 3288 et
860 3226 994 3310 pluribus
1012 3235 1167 3294 difficulta-

313 3308 397 3369 tibus
411 3332 494 3388 atque
514 3313 803 3382 contradictionibus,
819 3317 927 3391 quibua
945 3319 1102 3374 Zoroastrit
1118 3319 1167 3375 hi·
1173 3378 1175 3383 ,

310 3396 398 3451 floria
416 3397 568 3468 premitur,
580 3396 668 3450 multi
685 3399 810 3470 permoti
827 3400 900 3464 sunt,
910 3413 942 3453 ut
958 3398 1055 3473 plures
1073 3400 1166 3457 vixis-

313 3479 340 3534 ie
359 3477 519 3532 Zoroastres
536 3474 705 3543 statuerent,
729 3497 802 3552 quot
825 3498 897 3532 aevo
915 3494 943 3535 ct
960 3481 1051 3554 patria
1068 3481 1166 3536 discri.
1219 3549 1221 3553 .

311 3561 464 3620 minarent
499 3560 560 3614 Nec
575 3575 670 3614 tumen
688 3558 765 3612 idem
783 3558 918 3615 omnibus
930 3581 1075 3618 numerus
1111 3563 1168 3618 Sed

222 3666 226 3679 ·
295 3641 348 3698 *dc
366 3641 515 3695 Zoroastre
531 3638 667 3716 legendus
685 3642 805 3694 omnino
815 3676 826 3706 ,
850 3642 902 3714 qui
927 3643 1024 3697 omnia
1041 3659 1070 3697 et
1086 3659 1166 3700 vete·

312 3741 379 3777 rum
403 3738 432 3778 et
459 3725 653 3779 recentiorum
677 3721 838 3776 testimonia
870 3721 1027 3800 diligenter
1042 3723 1167 3802 collegit
1222 3736 1224 3744 ’

274 3820 276 3824 “
314 3819 343 3861 et
358 3804 514 3873 subtiliter,
533 3806 598 3861 uti
586 3805 666 3868 i,ulet
704 3803 891 3874 dijudicavit,
904 3800 964 3858 Cel
982 3805 1140 3868 Meteon
1130 3826 1165 3863 tn

312 3884 506 3951 Commenttr
526 3887 638 3987 Societ.
648 3886 816 3963 Goetting„
848 3900 877 3942 et
891 3884 965 3961 post
970 3902 1036 3942 eum
1052 3885 1166 3944 ibidem
1211 3908 1215 3913 ·

242 4007 245 4011 -
311 3965 358 4024 Cl.
381 3969 514 4046 Tytbscn
