2476 4576
158 200 170 218 s
222 214 229 225 ,
535 217 541 228 ,
1075 167 1111 215 l<

196 252 279 335 XII.
304 254 591 332 Paarrararrcr.
606 230 883 341 'aaronem
933 284 1018 354 cofr

80 427 210 524 Tyrius,
230 438 285 524 qui
304 440 591 515 et'Clit'omachnrn
610 444 733 503 multos
747 461 869 521 annos,
883 458 914 505 et
928 447 1005 508 Phi·
1044 502 1052 513 ,

81 535 196 603 ionem
210 543 360 609 audierat,
377 541 478 611 horno
490 537 565 601 lane
580 541 614 599 in
636 539 689 601 ista
709 539 1007 622 philolophitnqme¹
1078 579 1083 584 -

37 678 43 683 -
81 657 174 702 nunc
191 657 294 720 prope
316 636 439 699 dimilla
461 651 637 711 revocatur,
648 641 800 717 probatus
823 653 855 698 et
873 642 1008 706 nobilita

39 780 41 785 .
84 756 164 799 cum
186 754 248 815 quo
271 749 302 795 et
324 737 528 811 Antioclrum
550 733 638 815 saepe
659 733 877 814 disputantem
897 739 1009 799 audie.

82 836 173 909 bam,
191 831 241 894 [ed
257 846 435 911 utrumque
448 818 572 894 leniter.
594 835 740 894 Philonia
753 822 826 894 duo
846 834 919 895 libri
933 848 1008 898 turn

69 945 174 994 ¹erant
192 930 276 991 allati
288 930 528 1005 Alexandriam,
549 944 688 1010 tumque
708 933 857 1010 primum
877 933 914 991 in
936 933 1008 993 An.

81 1030 182 1091 tiochi
206 1047 324 1088 manus
346 1040 515 1087 venerante
530 1029 677 1089 ethome
696 1039 810 1089 tratura
825 1024 1008 1095 leniffimua

72 1127 183 1205 (nihil
200 1129 290 1187 enim
312 1137 433 1205 poterat
449 1125 517 1183 lieri
535 1124 590 1185 illo
611 1127 741 1203 mitius)
757 1125 944 1186 stomachari
960 1141 1010 1189 ta-

82 1243 163 1286 men
187 1225 299 1302 coepit.
326 1224 465 1281 Mirabar
472 1243 482 1294 3
501 1214 608 1300 neque
634 1225 726 1283 enim
747 1244 896 1302 unquam
914 1239 1008 1287 antea

83 1323 238 1382 viderant.
283 1324 328 1380 At
348 1319 401 1378 ille
426 1320 577 1379 Heracliti
598 1322 797 1380 memoriam
816 1322 1007 1402 implorans,

84 1437 234 1501 quaerere
249 1437 289 1476 ex
309 1436 365 1492 eo,
378 1417 606 1477 viderenturne
632 1418 687 1477 illa
705 1417 869 1494 Philonis,
891 1434 946 1485 aut
969 1441 1007 1481 ea
1072 1410 1074 1416 ’

83 1536 171 1579 num
186 1517 238 1574 vel
251 1535 268 1575 e
280 1516 426 1588 Philone,
440 1514 492 1573 vel
513 1533 557 1579 ex,
572 1515 640 1574 ullo
652 1515 845 1596 Academico
867 1515 1006 1575 audiris..

83 1613 132 1676 set
150 1613 340 1693 aliquando?
368 1613 519 1695 negabat,
542 1594 698 1673 Philonts'
717 1627 828 1674 tamen
851 1611 1007 1694 scripturn

66 1710 281 1800 ¹agnoscebat,
299 1729 358 1776 nec
375 1711 409 1768 id
430 1710 564 1789 quidem
583 1711 722 1769 dubitari
743 1697 872 1790 poterat.
915 1714 1006 1777 'sum
1056 1712 1060 1721 '

82 1810 269 1885 Antiochus
292 1807 323 1868 le
344 1826 413 1868 non
426 1811 543 1887 tenuit,
557 1808 635 1886 quin
655 1821 763 1867 contra
779 1806 879 1867 suum
896 1804 1007 1872 docto-

35 1938 37 1947 ¹
67 1908 157 1971 ‘irem
185 1908 309 1989 librum
337 1898 437 1964 etiam
466 1905 590 1975 ederet,
616 1905 670 1980 qui
695 1903 789 1966 Sosus
814 1904 1009 1968 inscribitur.
1073 1892 1094 1952 ’-

40 1998 44 2004 ’
82 2011 175 2070 Turn
201 2006 298 2084 igitur
320 2015 351 2061 et
375 1998 575 2061 Heraclitum
596 1997 730 2058 studiose
758 2000 868 2068 andivi
899 2017 1008 2071 contra
1053 2014 1076 2077 J
1180 2056 1183 2060 .

82 2103 291 2169 Antiochum
313 2096 525 2169 differentem,
539 2096 664 2155 etitem
677 2096 884 2158 Antiochum
897 2115 1007 2181 contra
1059 2138 1061 2143 ·
1132 2178 1135 2189 Ι

84 2200 316 2267 Academicos..
414 2234 417 2239 ·
793 2252 820 2259 ..
870 2270 873 2275 ⁴
922 2259 925 2263 ,
1064 2269 1065 2272 ¹

136 2300 139 2305 ’
168 2293 326 2361 Antiocho
344 2291 437 2354 Stoici
456 2309 534 2350 cum
547 2291 762 2370 Peripateticis
779 2313 814 2354 re
836 2297 1007 2360 concinere
1021 2313 1088 2370 Nat,
1101 2314 1132 2385 a,
1143 2329 1172 2387 ι,

83 2397 249 2466 videntur,
266 2390 370 2451 verbie
393 2386 572 2468 discrepare.
595 2389 656 2449 Sed
673 2392 776 2450 miror
789 2392 1007 2473 Antiochum,
1089 2401 1117 2454 7·

84 2496 259 2556 hominem
270 2492 306 2551 in
322 2487 435 2570 primis
456 2499 605 2560 acutum,
620 2505 689 2547 non
710 2487 839 2565 vidiffc,
859 2476 1031 2556 in'terella·
1170 2476 1174 2486 ¹

83 2593 270 2675 plurimum
296 2589 382 2646 inter
401 2576 540 2658 Stoicos,
560 2586 616 2662 qui
638 2583 765 2644 honesta
784 2606 801 2644 a
823 2592 1007 2653 commodis

77 2678 155 2752 ¹uon
167 2689 304 2748 nornine
319 2681 369 2741 led
385 2697 500 2762 genere
518 2692 585 2738 toto
607 2679 843 2762 disjungerentr
863 2698 895 2744 et
914 2689 1008 2750 Peri.
1067 2756 1070 2763 Ι

84 2782 317 2873 pateticos,qi1i
336 2775 467 2839 honesta
488 2775 735 2837 commiscerent
755 2778 833 2839 curii
856 2799 1006 2845 commo.

77 2881 146 2961 ¹dio,
159 2893 197 2940 ut
217 2899 252 2940 ea
271 2876 356 2938 inter
376 2873 407 2936 se
429 2873 654 2961 magnitudine
679 2881 711 2934 et
738 2876 824 2955 quali
843 2880 1008 2960 gradibus,

77 2998 155 3043 ¹non
167 2997 285 3060 genere
296 2974 467 3041 differrent.
488 2973 574 3033 Haec
587 2973 678 3031 enim
693 2972 815 3034 estnon
827 2978 1007 3053 verborum
1163 3050 1166 3060 Ι

83 3074 251 3170 parva,led
264 3091 375 3134 rerum
386 3089 560 3157 permagna
573 3066 725 3132 diffensro.
748 3070 823 3153 (loq.
844 3071 983 3165 Stoicae.)
1037 3123 1043 3133 .
1080 3073 1083 3077 ’

109 3283 119 3293 ”
226 3282 313 3355 llll.
355 3277 866 3365 PERIPATETlct

356 3425 500 3489 quorum
518 3408 641 3468 Auctor
661 3407 726 3468 tuit
770 3412 774 3417 “

319 3527 773 3598 lnrsaoranna

81 3604 394 3744 Peripateticorum
416 3658 564 3741 princeps
586 3657 772 3722 Aristoteles
797 3658 879 3744 fuit,
905 3688 1173 3766 quemp1„,5‚5‚

82 3776 215 3843 excepto
229 3761 362 3822 Platone
376 3756 462 3817 haud
477 3755 540 3821 scio
551 3777 605 3851 ¹an
624 3750 707 3822 recte
728 3759 867 3827 dixerim
886 3770 1008 3849 princi.

81 3880 162 3943 pem
175 3856 458 3943 philosophorum·

885 3945 1005 4036 Alpico—⁶
1065 4008 1067 4013 ,
