<?xml version="1.0" encoding="UTF-8"?>
<!DOCTYPE html PUBLIC "-//W3C//DTD XHTML 1.0 Transitional//EN"
    "http://www.w3.org/TR/xhtml1/DTD/xhtml1-transitional.dtd">
<html xmlns="http://www.w3.org/1999/xhtml" xml:lang="en" lang="en">
 <head>
  <title>
</title>
<meta http-equiv="Content-Type" content="text/html;charset=utf-8" />
  <meta name='ocr-system' content='tesseract 3.04.00' />
  <meta name='ocr-capabilities' content='ocr_page ocr_carea ocr_par ocr_line ocrx_word'/>
</head>
<body>
  <div class='ocr_page' id='page_1' title='image "./mtulliiciceroni00gedigoog_0183.png"; bbox 0 0 2476 4576; ppageno 0'>
   <div class='ocr_carea' id='block_1_1' title="bbox 7 188 1169 351">
    <p class='ocr_par' dir='ltr' id='par_1_1' title="bbox 7 188 1169 351">
     <span class='ocr_line' id='line_1_1' title="bbox 7 188 1169 351; baseline -0.07 -8"><span class='ocrx_word' id='word_1_1' title='bbox 7 188 120 341; x_wconf 20' lang='lat' dir='ltr'>&amp;gli</span> <span class='ocrx_word' id='word_1_2' title='bbox 162 302 165 313; x_wconf 91' lang='lat'><em>.</em></span> <span class='ocrx_word' id='word_1_3' title='bbox 215 246 262 327; x_wconf 83' lang='grc'>96</span> <span class='ocrx_word' id='word_1_4' title='bbox 312 243 417 310; x_wconf 74' lang='lat' dir='ltr'>Sucr.</span> <span class='ocrx_word' id='word_1_5' title='bbox 427 242 475 309; x_wconf 89' lang='lat'>11.</span> <span class='ocrx_word' id='word_1_6' title='bbox 485 204 748 351; x_wconf 54' lang='lat' dir='ltr'>&amp;poclum</span> <span class='ocrx_word' id='word_1_7' title='bbox 759 236 1088 315; x_wconf 49' lang='lat' dir='ltr'>cranemerae„</span> <span class='ocrx_word' id='word_1_8' title='bbox 1152 200 1169 263; x_wconf 63' lang='lat'>&#39;2</span> 
     </span>
    </p>
   </div>
   <div class='ocr_carea' id='block_1_2' title="bbox 9 366 1192 497">
    <p class='ocr_par' dir='ltr' id='par_1_2' title="bbox 9 366 1192 497">
     <span class='ocr_line' id='line_1_2' title="bbox 14 366 96 407; baseline 0.005 -20"><span class='ocrx_word' id='word_1_9' title='bbox 14 366 76 407; x_wconf 42' lang='lat' dir='ltr'>..w</span> <span class='ocrx_word' id='word_1_10' title='bbox 94 368 96 375; x_wconf 78' lang='lat'><em>·</em></span> 
     </span>
     <span class='ocr_line' id='line_1_3' title="bbox 9 413 1192 497; baseline 0.003 -24"><span class='ocrx_word' id='word_1_11' title='bbox 9 414 22 479; x_wconf 71' lang='lat'>3⁴</span> <span class='ocrx_word' id='word_1_12' title='bbox 34 413 68 473; x_wconf 66' lang='lat' dir='ltr'>tr.</span> <span class='ocrx_word' id='word_1_13' title='bbox 252 423 346 497; x_wconf 76' lang='grc' dir='ltr'><em>λεγων</em></span> <span class='ocrx_word' id='word_1_14' title='bbox 359 437 391 477; x_wconf 81' lang='grc' dir='ltr'>τε</span> <span class='ocrx_word' id='word_1_15' title='bbox 405 439 458 476; x_wconf 82' lang='grc' dir='ltr'>και</span> <span class='ocrx_word' id='word_1_16' title='bbox 478 435 687 480; x_wconf 66' lang='lat' dir='ltr'>aurocrorum</span> <span class='ocrx_word' id='word_1_17' title='bbox 707 418 925 496; x_wconf 76' lang='grc' dir='ltr'><strong><em>ευσεβεςερους</em></strong></span> <span class='ocrx_word' id='word_1_18' title='bbox 945 437 979 475; x_wconf 79' lang='grc' dir='ltr'>τε</span> <span class='ocrx_word' id='word_1_19' title='bbox 998 436 1060 475; x_wconf 81' lang='grc' dir='ltr'>και</span> <span class='ocrx_word' id='word_1_20' title='bbox 1075 432 1149 495; x_wconf 71' lang='lat' dir='ltr'>..opi-¹</span> <span class='ocrx_word' id='word_1_21' title='bbox 1189 430 1192 435; x_wconf 85' lang='grc'><strong><em>·</em></strong></span> 
     </span>
    </p>
   </div>
   <div class='ocr_carea' id='block_1_3' title="bbox 8 472 1189 3920">
    <p class='ocr_par' dir='ltr' id='par_1_3' title="bbox 8 472 1189 3920">
     <span class='ocr_line' id='line_1_4' title="bbox 8 472 1111 599; baseline -0.005 -23"><span class='ocrx_word' id='word_1_22' title='bbox 8 514 18 539; x_wconf 73' lang='grc'>““</span> <span class='ocrx_word' id='word_1_23' title='bbox 32 472 57 513; x_wconf 45' lang='lat'>⁹¹</span> <span class='ocrx_word' id='word_1_24' title='bbox 149 566 152 573; x_wconf 92' lang='lat'>.</span> <span class='ocrx_word' id='word_1_25' title='bbox 214 564 218 573; x_wconf 94' lang='lat'>.</span> <span class='ocrx_word' id='word_1_26' title='bbox 242 534 458 599; x_wconf 76' lang='grc' dir='ltr'><strong><em>,φρονεςερους</em></strong></span> <span class='ocrx_word' id='word_1_27' title='bbox 475 533 548 577; x_wconf 79' lang='grc' dir='ltr'><strong><em>τους</em></strong></span> <span class='ocrx_word' id='word_1_28' title='bbox 572 532 725 577; x_wconf 78' lang='grc' dir='ltr'><em>συνοντας</em></span> <span class='ocrx_word' id='word_1_29' title='bbox 747 512 993 592; x_wconf 76' lang='grc' dir='ltr'><strong><em>παρεσκευαζεν.</em></strong></span> <span class='ocrx_word' id='word_1_30' title='bbox 1108 582 1111 587; x_wconf 23' lang='lat'>¹</span> 
     </span>
     <span class='ocr_line' id='line_1_5' title="bbox 43 602 1150 694; baseline 0.002 -21"><span class='ocrx_word' id='word_1_31' title='bbox 43 602 170 694; x_wconf 45' lang='lat' dir='ltr'>gimic-</span> <span class='ocrx_word' id='word_1_32' title='bbox 215 675 221 683; x_wconf 83' lang='grc'>,</span> <span class='ocrx_word' id='word_1_33' title='bbox 283 615 373 689; x_wconf 71' lang='lat' dir='ltr'>¹¹Non</span> <span class='ocrx_word' id='word_1_34' title='bbox 386 610 534 673; x_wconf 75' lang='lat' dir='ltr'>ailentior</span> <span class='ocrx_word' id='word_1_35' title='bbox 547 612 596 685; x_wconf 84' lang='lat' dir='ltr'>iis,</span> <span class='ocrx_word' id='word_1_36' title='bbox 611 613 667 690; x_wconf 90' lang='lat' dir='ltr'>qui</span> <span class='ocrx_word' id='word_1_37' title='bbox 681 613 759 675; x_wconf 88' lang='lat' dir='ltr'>haec</span> <span class='ocrx_word' id='word_1_38' title='bbox 778 631 884 691; x_wconf 78' lang='lat' dir='ltr'>nuper</span> <span class='ocrx_word' id='word_1_39' title='bbox 904 609 1053 685; x_wconf 78' lang='lat' dir='ltr'>differem</span> <span class='ocrx_word' id='word_1_40' title='bbox 1072 630 1150 683; x_wconf 80' lang='lat' dir='ltr'>coe·</span> 
     </span>
     <span class='ocr_line' id='line_1_6' title="bbox 77 684 1150 793; baseline -0.001 -21"><span class='ocrx_word' id='word_1_41' title='bbox 77 692 116 729; x_wconf 45' lang='lat'>‘⁰&#39;</span> <span class='ocrx_word' id='word_1_42' title='bbox 137 684 167 743; x_wconf 73' lang='lat'>4⁶</span> <span class='ocrx_word' id='word_1_43' title='bbox 211 725 343 793; x_wconf 80' lang='lat' dir='ltr'>petunt,</span> <span class='ocrx_word' id='word_1_44' title='bbox 351 728 431 770; x_wconf 86' lang='lat' dir='ltr'>cum</span> <span class='ocrx_word' id='word_1_45' title='bbox 447 709 633 788; x_wconf 83' lang='lat' dir='ltr'>corporibus</span> <span class='ocrx_word' id='word_1_46' title='bbox 646 709 744 768; x_wconf 85' lang='lat' dir='ltr'>limul</span> <span class='ocrx_word' id='word_1_47' title='bbox 755 711 884 770; x_wconf 76' lang='lat' dir='ltr'>animoa</span> <span class='ocrx_word' id='word_1_48' title='bbox 897 709 1041 784; x_wconf 81' lang='lat' dir='ltr'>interire,</span> <span class='ocrx_word' id='word_1_49' title='bbox 1049 724 1150 790; x_wconf 81' lang='lat' dir='ltr'>atque</span> 
     </span>
     <span class='ocr_line' id='line_1_7' title="bbox 213 805 1149 887; baseline 0.001 -21"><span class='ocrx_word' id='word_1_50' title='bbox 213 809 326 887; x_wconf 83' lang='lat' dir='ltr'>omnia</span> <span class='ocrx_word' id='word_1_51' title='bbox 339 821 445 869; x_wconf 86' lang='lat' dir='ltr'>morte</span> <span class='ocrx_word' id='word_1_52' title='bbox 458 806 567 866; x_wconf 92' lang='lat' dir='ltr'>deleri.</span> <span class='ocrx_word' id='word_1_53' title='bbox 587 805 666 867; x_wconf 86' lang='lat' dir='ltr'>Plus</span> <span class='ocrx_word' id='word_1_54' title='bbox 688 806 773 886; x_wconf 87' lang='lat' dir='ltr'>apud</span> <span class='ocrx_word' id='word_1_55' title='bbox 789 824 846 865; x_wconf 89' lang='lat' dir='ltr'>me</span> <span class='ocrx_word' id='word_1_56' title='bbox 861 807 1077 885; x_wconf 87' lang='lat' dir='ltr'>antiquorum</span> <span class='ocrx_word' id='word_1_57' title='bbox 1091 826 1149 879; x_wconf 79' lang='lat' dir='ltr'>au·</span> 
     </span>
     <span class='ocr_line' id='line_1_8' title="bbox 215 900 1150 995; baseline -0.001 -30"><span class='ocrx_word' id='word_1_58' title='bbox 215 905 341 995; x_wconf 73' lang='lat' dir='ltr'>ptoritas</span> <span class='ocrx_word' id='word_1_59' title='bbox 362 903 457 983; x_wconf 81' lang='lat' dir='ltr'>valet,</span> <span class='ocrx_word' id='word_1_60' title='bbox 469 904 522 979; x_wconf 77' lang='lat' dir='ltr'>rel</span> <span class='ocrx_word' id='word_1_61' title='bbox 536 900 721 963; x_wconf 88' lang='lat' dir='ltr'>nostrorum</span> <span class='ocrx_word' id='word_1_62' title='bbox 733 902 912 981; x_wconf 88' lang='lat' dir='ltr'>majorum,</span> <span class='ocrx_word' id='word_1_63' title='bbox 925 905 983 983; x_wconf 92' lang='lat' dir='ltr'>qui</span> <span class='ocrx_word' id='word_1_64' title='bbox 1000 905 1150 975; x_wconf 80' lang='lat' dir='ltr'>mortuis</span> 
     </span>
     <span class='ocr_line' id='line_1_9' title="bbox 214 998 1156 1083; baseline -0.002 -20"><span class='ocrx_word' id='word_1_65' title='bbox 214 1015 287 1065; x_wconf 78' lang='lat' dir='ltr'>tam</span> <span class='ocrx_word' id='word_1_66' title='bbox 305 999 449 1083; x_wconf 78' lang='lat' dir='ltr'>religiosa</span> <span class='ocrx_word' id='word_1_67' title='bbox 473 998 544 1078; x_wconf 82' lang='lat' dir='ltr'>jura</span> <span class='ocrx_word' id='word_1_68' title='bbox 571 1000 771 1059; x_wconf 88' lang='lat' dir='ltr'>tribuerunt:</span> <span class='ocrx_word' id='word_1_69' title='bbox 794 1002 887 1080; x_wconf 74' lang='lat' dir='ltr'>quod</span> <span class='ocrx_word' id='word_1_70' title='bbox 908 1020 978 1061; x_wconf 84' lang='lat' dir='ltr'>non</span> <span class='ocrx_word' id='word_1_71' title='bbox 1002 999 1156 1079; x_wconf 77' lang='lat' dir='ltr'>iecillent.</span> 
     </span>
     <span class='ocr_line' id='line_1_10' title="bbox 213 1088 1149 1180; baseline 0 -22"><span class='ocrx_word' id='word_1_72' title='bbox 213 1088 371 1180; x_wconf 74' lang='lat' dir='ltr'>proiecto,</span> <span class='ocrx_word' id='word_1_73' title='bbox 384 1099 406 1156; x_wconf 78' lang='lat' dir='ltr'>li</span> <span class='ocrx_word' id='word_1_74' title='bbox 419 1098 504 1157; x_wconf 90' lang='lat' dir='ltr'>nihil</span> <span class='ocrx_word' id='word_1_75' title='bbox 521 1097 560 1156; x_wconf 86' lang='lat' dir='ltr'>ad</span> <span class='ocrx_word' id='word_1_76' title='bbox 572 1116 627 1173; x_wconf 89' lang='lat' dir='ltr'>eos</span> <span class='ocrx_word' id='word_1_77' title='bbox 645 1099 807 1179; x_wconf 88' lang='lat' dir='ltr'>pertinere</span> <span class='ocrx_word' id='word_1_78' title='bbox 826 1098 1079 1163; x_wconf 85' lang='lat' dir='ltr'>arbitrarenturt</span> <span class='ocrx_word' id='word_1_79' title='bbox 1095 1097 1149 1175; x_wconf 66' lang='lat' dir='ltr'>uel</span> 
     </span>
     <span class='ocr_line' id='line_1_11' title="bbox 74 1176 1149 1281; baseline -0.006 -24"><span class='ocrx_word' id='word_1_80' title='bbox 74 1234 85 1257; x_wconf 91' lang='lat'>.·</span> <span class='ocrx_word' id='word_1_81' title='bbox 126 1219 134 1239; x_wconf 70' lang='lat'>⁸</span> <span class='ocrx_word' id='word_1_82' title='bbox 215 1216 344 1269; x_wconf 84' lang='lat' dir='ltr'>eorum,</span> <span class='ocrx_word' id='word_1_83' title='bbox 361 1196 416 1275; x_wconf 91' lang='lat' dir='ltr'>qui</span> <span class='ocrx_word' id='word_1_84' title='bbox 432 1196 468 1254; x_wconf 89' lang='lat' dir='ltr'>in</span> <span class='ocrx_word' id='word_1_85' title='bbox 482 1195 541 1253; x_wconf 89' lang='lat' dir='ltr'>hac</span> <span class='ocrx_word' id='word_1_86' title='bbox 555 1176 637 1255; x_wconf 75' lang='lat' dir='ltr'>terra</span> <span class='ocrx_word' id='word_1_87' title='bbox 653 1193 799 1268; x_wconf 82' lang='lat' dir='ltr'>fuerunt,</span> <span class='ocrx_word' id='word_1_88' title='bbox 813 1195 1034 1281; x_wconf 76' lang='lat' dir='ltr'>Magnarnque</span> <span class='ocrx_word' id='word_1_89' title='bbox 1048 1195 1149 1261; x_wconf 77' lang='lat' dir='ltr'>Grae.</span> 
     </span>
     <span class='ocr_line' id='line_1_12' title="bbox 109 1280 1152 1375; baseline 0.003 -22"><span class='ocrx_word' id='word_1_90' title='bbox 109 1326 114 1337; x_wconf 87' lang='lat'><strong>·</strong></span> <span class='ocrx_word' id='word_1_91' title='bbox 146 1324 155 1361; x_wconf 85' lang='grc'>,-</span> <span class='ocrx_word' id='word_1_92' title='bbox 215 1294 301 1353; x_wconf 87' lang='lat' dir='ltr'>ciam</span> <span class='ocrx_word' id='word_1_93' title='bbox 314 1293 417 1372; x_wconf 79' lang='lat' dir='ltr'>,(quae</span> <span class='ocrx_word' id='word_1_94' title='bbox 437 1311 528 1350; x_wconf 90' lang='lat' dir='ltr'>nunc</span> <span class='ocrx_word' id='word_1_95' title='bbox 547 1291 683 1371; x_wconf 81' lang='lat' dir='ltr'>quidem</span> <span class='ocrx_word' id='word_1_96' title='bbox 703 1291 805 1352; x_wconf 83' lang='lat' dir='ltr'>deleta</span> <span class='ocrx_word' id='word_1_97' title='bbox 826 1289 880 1365; x_wconf 86' lang='lat' dir='ltr'>est,</span> <span class='ocrx_word' id='word_1_98' title='bbox 901 1280 1152 1375; x_wconf 68' lang='lat' dir='ltr'>tumilorebat)</span> 
     </span>
     <span class='ocr_line' id='line_1_13' title="bbox 213 1386 1149 1473; baseline 0.002 -23"><span class='ocrx_word' id='word_1_99' title='bbox 213 1389 368 1450; x_wconf 87' lang='lat' dir='ltr'>institutis</span> <span class='ocrx_word' id='word_1_100' title='bbox 384 1402 415 1449; x_wconf 89' lang='lat' dir='ltr'>et</span> <span class='ocrx_word' id='word_1_101' title='bbox 428 1386 604 1470; x_wconf 83' lang='lat' dir='ltr'>praeceptis</span> <span class='ocrx_word' id='word_1_102' title='bbox 617 1386 681 1448; x_wconf 85' lang='lat' dir='ltr'>[uis</span> <span class='ocrx_word' id='word_1_103' title='bbox 694 1386 898 1454; x_wconf 79' lang='lat' dir='ltr'>erudieruntt</span> <span class='ocrx_word' id='word_1_104' title='bbox 912 1391 966 1449; x_wconf 87' lang='lat' dir='ltr'>vel</span> <span class='ocrx_word' id='word_1_105' title='bbox 987 1388 1070 1467; x_wconf 86' lang='lat' dir='ltr'>ejus,</span> <span class='ocrx_word' id='word_1_106' title='bbox 1090 1392 1149 1473; x_wconf 81' lang='lat' dir='ltr'>qui</span> 
     </span>
     <span class='ocr_line' id='line_1_14' title="bbox 215 1481 1149 1570; baseline 0.007 -23"><span class='ocrx_word' id='word_1_107' title='bbox 215 1488 378 1568; x_wconf 72' lang='lat' dir='ltr'>Apollinis</span> <span class='ocrx_word' id='word_1_108' title='bbox 401 1484 530 1551; x_wconf 84' lang='lat' dir='ltr'>oraculo</span> <span class='ocrx_word' id='word_1_109' title='bbox 560 1481 807 1564; x_wconf 84' lang='lat' dir='ltr'>[apientiffimus</span> <span class='ocrx_word' id='word_1_110' title='bbox 829 1484 872 1544; x_wconf 86' lang='lat' dir='ltr'>est</span> <span class='ocrx_word' id='word_1_111' title='bbox 892 1484 1071 1563; x_wconf 81' lang='lat' dir='ltr'>judicatus-t</span> <span class='ocrx_word' id='word_1_112' title='bbox 1090 1490 1149 1570; x_wconf 79' lang='lat' dir='ltr'>&#39;qui</span> 
     </span>
     <span class='ocr_line' id='line_1_15' title="bbox 97 1583 1149 1666; baseline 0.008 -25"><span class='ocrx_word' id='word_1_113' title='bbox 97 1634 104 1641; x_wconf 87' lang='lat'><em>.</em></span> <span class='ocrx_word' id='word_1_114' title='bbox 133 1588 144 1611; x_wconf 90' lang='lat'>&#39;</span> <span class='ocrx_word' id='word_1_115' title='bbox 186 1646 191 1658; x_wconf 61' lang='grc'><em>,</em></span> <span class='ocrx_word' id='word_1_116' title='bbox 215 1603 286 1647; x_wconf 89' lang='lat' dir='ltr'>non</span> <span class='ocrx_word' id='word_1_117' title='bbox 306 1597 381 1644; x_wconf 92' lang='lat' dir='ltr'>tum</span> <span class='ocrx_word' id='word_1_118' title='bbox 401 1583 475 1656; x_wconf 89' lang='lat' dir='ltr'>hoc,</span> <span class='ocrx_word' id='word_1_119' title='bbox 487 1595 563 1641; x_wconf 91' lang='lat' dir='ltr'>tum</span> <span class='ocrx_word' id='word_1_120' title='bbox 576 1583 670 1661; x_wconf 85' lang='lat' dir='ltr'>illud,</span> <span class='ocrx_word' id='word_1_121' title='bbox 683 1597 721 1642; x_wconf 91' lang='lat' dir='ltr'>ut</span> <span class='ocrx_word' id='word_1_122' title='bbox 739 1586 776 1643; x_wconf 90' lang='lat' dir='ltr'>in</span> <span class='ocrx_word' id='word_1_123' title='bbox 789 1584 963 1666; x_wconf 88' lang='lat' dir='ltr'>plerisque,</span> <span class='ocrx_word' id='word_1_124' title='bbox 980 1583 1034 1647; x_wconf 84' lang='lat' dir='ltr'>led</span> <span class='ocrx_word' id='word_1_125' title='bbox 1054 1587 1149 1661; x_wconf 75' lang='lat' dir='ltr'>idam</span> 
     </span>
     <span class='ocr_line' id='line_1_16' title="bbox 217 1666 1149 1761; baseline 0.004 -20"><span class='ocrx_word' id='word_1_126' title='bbox 217 1683 343 1753; x_wconf 86' lang='lat' dir='ltr'>dicebat</span> <span class='ocrx_word' id='word_1_127' title='bbox 360 1680 497 1761; x_wconf 70' lang='lat' dir='ltr'>[eruper,</span> <span class='ocrx_word' id='word_1_128' title='bbox 516 1684 644 1741; x_wconf 86' lang='lat' dir='ltr'>animos</span> <span class='ocrx_word' id='word_1_129' title='bbox 663 1682 844 1742; x_wconf 86' lang='lat' dir='ltr'>hominum</span> <span class='ocrx_word' id='word_1_130' title='bbox 864 1680 924 1743; x_wconf 77' lang='lat' dir='ltr'>elle</span> <span class='ocrx_word' id='word_1_131' title='bbox 942 1683 1084 1761; x_wconf 81' lang='lat' dir='ltr'>divinos,</span> <span class='ocrx_word' id='word_1_132' title='bbox 1095 1666 1149 1747; x_wconf 84' lang='lat' dir='ltr'>iis·</span> 
     </span>
     <span class='ocr_line' id='line_1_17' title="bbox 217 1775 1149 1861; baseline 0.002 -22"><span class='ocrx_word' id='word_1_133' title='bbox 217 1799 290 1861; x_wconf 88' lang='lat' dir='ltr'>que,</span> <span class='ocrx_word' id='word_1_134' title='bbox 303 1799 410 1858; x_wconf 88' lang='lat' dir='ltr'>quum</span> <span class='ocrx_word' id='word_1_135' title='bbox 423 1798 440 1838; x_wconf 94' lang='lat' dir='ltr'>e</span> <span class='ocrx_word' id='word_1_136' title='bbox 454 1798 583 1858; x_wconf 89' lang='lat' dir='ltr'>corpore</span> <span class='ocrx_word' id='word_1_137' title='bbox 597 1775 802 1857; x_wconf 81' lang='lat' dir='ltr'>exceffiilent,</span> <span class='ocrx_word' id='word_1_138' title='bbox 808 1779 953 1841; x_wconf 86' lang='lat' dir='ltr'>reditum</span> <span class='ocrx_word' id='word_1_139' title='bbox 966 1783 1002 1841; x_wconf 91' lang='lat' dir='ltr'>in</span> <span class='ocrx_word' id='word_1_140' title='bbox 1015 1782 1149 1857; x_wconf 75' lang='lat' dir='ltr'>coelum</span> 
     </span>
     <span class='ocr_line' id='line_1_18' title="bbox 215 1873 1164 1967; baseline 0.002 -28"><span class='ocrx_word' id='word_1_141' title='bbox 215 1890 349 1959; x_wconf 78' lang='lat' dir='ltr'>patere,</span> <span class='ocrx_word' id='word_1_142' title='bbox 363 1879 553 1958; x_wconf 85' lang='lat' dir='ltr'>optimoque</span> <span class='ocrx_word' id='word_1_143' title='bbox 581 1890 613 1939; x_wconf 87' lang='lat' dir='ltr'>et</span> <span class='ocrx_word' id='word_1_144' title='bbox 639 1873 809 1955; x_wconf 77' lang='lat' dir='ltr'>justissimo</span> <span class='ocrx_word' id='word_1_145' title='bbox 838 1879 954 1959; x_wconf 88' lang='lat' dir='ltr'>cuique</span> <span class='ocrx_word' id='word_1_146' title='bbox 977 1880 1164 1967; x_wconf 50' lang='lat' dir='ltr'>expeditis·⁸</span> 
     </span>
     <span class='ocr_line' id='line_1_19' title="bbox 214 1976 912 2053; baseline 0.009 -18"><span class='ocrx_word' id='word_1_147' title='bbox 214 1976 349 2053; x_wconf 77' lang='lat' dir='ltr'>limum.</span> <span class='ocrx_word' id='word_1_148' title='bbox 907 2036 912 2053; x_wconf 82' lang='lat'>,</span> 
     </span>
     <span class='ocr_line' id='line_1_20' title="bbox 56 2064 1150 2159; baseline 0.004 -25"><span class='ocrx_word' id='word_1_149' title='bbox 56 2064 118 2125; x_wconf 81' lang='lat' dir='ltr'><strong>Off·</strong></span> <span class='ocrx_word' id='word_1_150' title='bbox 126 2080 152 2134; x_wconf 63' lang='grc' dir='ltr'>Ω,</span> <span class='ocrx_word' id='word_1_151' title='bbox 164 2081 208 2132; x_wconf 72' lang='lat'>¹2·</span> <span class='ocrx_word' id='word_1_152' title='bbox 227 2152 230 2157; x_wconf 18' lang='lat'>¹</span> <span class='ocrx_word' id='word_1_153' title='bbox 303 2073 467 2139; x_wconf 84' lang='lat' dir='ltr'>Praeclare</span> <span class='ocrx_word' id='word_1_154' title='bbox 481 2076 622 2153; x_wconf 79' lang='lat' dir='ltr'>Socrates</span> <span class='ocrx_word' id='word_1_155' title='bbox 637 2065 721 2137; x_wconf 85' lang='lat' dir='ltr'>hanc</span> <span class='ocrx_word' id='word_1_156' title='bbox 734 2076 825 2136; x_wconf 85' lang='lat' dir='ltr'>viam</span> <span class='ocrx_word' id='word_1_157' title='bbox 837 2075 880 2137; x_wconf 86' lang='lat' dir='ltr'>ad.</span> <span class='ocrx_word' id='word_1_158' title='bbox 889 2074 1029 2159; x_wconf 82' lang='lat' dir='ltr'>gloriam</span> <span class='ocrx_word' id='word_1_159' title='bbox 1039 2064 1150 2158; x_wconf 58' lang='lat' dir='ltr'>proii-</span> 
     </span>
     <span class='ocr_line' id='line_1_21' title="bbox 215 2173 1152 2257; baseline 0.003 -23"><span class='ocrx_word' id='word_1_160' title='bbox 215 2193 312 2241; x_wconf 88' lang='lat' dir='ltr'>mam</span> <span class='ocrx_word' id='word_1_161' title='bbox 330 2187 363 2235; x_wconf 90' lang='lat' dir='ltr'>et</span> <span class='ocrx_word' id='word_1_162' title='bbox 373 2175 458 2257; x_wconf 75' lang='lat' dir='ltr'>quasi</span> <span class='ocrx_word' id='word_1_163' title='bbox 472 2175 747 2255; x_wconf 67' lang='lat' dir='ltr'>conpendiariam</span> <span class='ocrx_word' id='word_1_164' title='bbox 761 2174 884 2237; x_wconf 87' lang='lat' dir='ltr'>dicebat</span> <span class='ocrx_word' id='word_1_165' title='bbox 899 2173 971 2252; x_wconf 84' lang='lat' dir='ltr'>elle,</span> <span class='ocrx_word' id='word_1_166' title='bbox 986 2175 1010 2235; x_wconf 91' lang='lat' dir='ltr'>li</span> <span class='ocrx_word' id='word_1_167' title='bbox 1027 2178 1102 2256; x_wconf 83' lang='lat' dir='ltr'>quis</span> <span class='ocrx_word' id='word_1_168' title='bbox 1116 2175 1152 2237; x_wconf 81' lang='lat' dir='ltr'>id</span> 
     </span>
     <span class='ocr_line' id='line_1_22' title="bbox 158 2271 1044 2355; baseline 0 -23"><span class='ocrx_word' id='word_1_169' title='bbox 158 2312 160 2319; x_wconf 88' lang='lat'><em>-</em></span> <span class='ocrx_word' id='word_1_170' title='bbox 218 2284 336 2355; x_wconf 85' lang='lat' dir='ltr'>ageret,</span> <span class='ocrx_word' id='word_1_171' title='bbox 351 2285 399 2347; x_wconf 89' lang='lat' dir='ltr'>ut,</span> <span class='ocrx_word' id='word_1_172' title='bbox 414 2272 515 2353; x_wconf 86' lang='lat' dir='ltr'>qualis</span> <span class='ocrx_word' id='word_1_173' title='bbox 537 2274 648 2349; x_wconf 79' lang='lat' dir='ltr'>haberi</span> <span class='ocrx_word' id='word_1_174' title='bbox 669 2273 778 2348; x_wconf 87' lang='lat' dir='ltr'>vellet,</span> <span class='ocrx_word' id='word_1_175' title='bbox 800 2273 869 2333; x_wconf 91' lang='lat' dir='ltr'>talis</span> <span class='ocrx_word' id='word_1_176' title='bbox 891 2271 974 2332; x_wconf 85' lang='lat' dir='ltr'>ellet.</span> <span class='ocrx_word' id='word_1_177' title='bbox 1040 2328 1044 2339; x_wconf 87' lang='grc'>,</span> 
     </span>
     <span class='ocr_line' id='line_1_23' title="bbox 66 2350 1152 2451; baseline 0.006 -21"><span class='ocrx_word' id='word_1_178' title='bbox 66 2350 199 2419; x_wconf 59' lang='lat' dir='ltr'>T¹¹s⁰s⁵2</span> <span class='ocrx_word' id='word_1_179' title='bbox 303 2370 458 2444; x_wconf 84' lang='lat' dir='ltr'>Socrates,</span> <span class='ocrx_word' id='word_1_180' title='bbox 473 2390 578 2449; x_wconf 85' lang='lat' dir='ltr'>quum</span> <span class='ocrx_word' id='word_1_181' title='bbox 600 2369 674 2431; x_wconf 79' lang='lat' dir='ltr'>effet</span> <span class='ocrx_word' id='word_1_182' title='bbox 698 2388 738 2429; x_wconf 85' lang='lat' dir='ltr'>ex</span> <span class='ocrx_word' id='word_1_183' title='bbox 755 2388 793 2429; x_wconf 90' lang='lat' dir='ltr'>eo</span> <span class='ocrx_word' id='word_1_184' title='bbox 814 2371 1004 2451; x_wconf 76' lang='lat' dir='ltr'>quaesitum,</span> <span class='ocrx_word' id='word_1_185' title='bbox 1025 2369 1152 2445; x_wconf 79' lang='lat' dir='ltr'>Arche·</span> 
     </span>
     <span class='ocr_line' id='line_1_24' title="bbox 83 2437 1152 2555; baseline 0.006 -28"><span class='ocrx_word' id='word_1_186' title='bbox 83 2493 92 2505; x_wconf 28' lang='grc' dir='ltr'>κ</span> <span class='ocrx_word' id='word_1_187' title='bbox 113 2437 156 2477; x_wconf 63' lang='lat'>&#39;²‘</span> <span class='ocrx_word' id='word_1_188' title='bbox 219 2465 314 2527; x_wconf 85' lang='lat' dir='ltr'>laum</span> <span class='ocrx_word' id='word_1_189' title='bbox 327 2467 493 2528; x_wconf 88' lang='lat' dir='ltr'>Perdiccae</span> <span class='ocrx_word' id='word_1_190' title='bbox 508 2469 628 2543; x_wconf 88' lang='lat' dir='ltr'>lilium,</span> <span class='ocrx_word' id='word_1_191' title='bbox 640 2469 697 2547; x_wconf 87' lang='lat' dir='ltr'>qui</span> <span class='ocrx_word' id='word_1_192' title='bbox 710 2481 786 2527; x_wconf 87' lang='lat' dir='ltr'>tum</span> <span class='ocrx_word' id='word_1_193' title='bbox 808 2467 1080 2555; x_wconf 70' lang='lat' dir='ltr'>fortunatiliimus</span> <span class='ocrx_word' id='word_1_194' title='bbox 1096 2471 1152 2533; x_wconf 74' lang='lat' dir='ltr'>ha·</span> 
     </span>
     <span class='ocr_line' id='line_1_25' title="bbox 220 2565 1154 2648; baseline 0.002 -23"><span class='ocrx_word' id='word_1_195' title='bbox 220 2567 368 2640; x_wconf 86' lang='lat' dir='ltr'>beretur,</span> <span class='ocrx_word' id='word_1_196' title='bbox 387 2583 499 2625; x_wconf 88' lang='lat' dir='ltr'>nonne</span> <span class='ocrx_word' id='word_1_197' title='bbox 515 2567 649 2626; x_wconf 81' lang='lat' dir='ltr'>beatum</span> <span class='ocrx_word' id='word_1_198' title='bbox 664 2580 807 2646; x_wconf 88' lang='lat' dir='ltr'>putaret:</span> <span class='ocrx_word' id='word_1_199' title='bbox 828 2567 915 2627; x_wconf 91' lang='lat' dir='ltr'>haud</span> <span class='ocrx_word' id='word_1_200' title='bbox 936 2565 1017 2640; x_wconf 75' lang='lat' dir='ltr'>icio,</span> <span class='ocrx_word' id='word_1_201' title='bbox 1033 2568 1154 2648; x_wconf 83' lang='lat' dir='ltr'>inquit,</span> 
     </span>
     <span class='ocr_line' id='line_1_26' title="bbox 218 2663 1153 2743; baseline 0.005 -19"><span class='ocrx_word' id='word_1_202' title='bbox 218 2682 395 2743; x_wconf 83' lang='lat' dir='ltr'>nunquam</span> <span class='ocrx_word' id='word_1_203' title='bbox 417 2681 496 2723; x_wconf 87' lang='lat' dir='ltr'>cum</span> <span class='ocrx_word' id='word_1_204' title='bbox 519 2682 558 2724; x_wconf 89' lang='lat' dir='ltr'>eo</span> <span class='ocrx_word' id='word_1_205' title='bbox 574 2664 752 2725; x_wconf 92' lang='lat' dir='ltr'>collocutus</span> <span class='ocrx_word' id='word_1_206' title='bbox 783 2663 919 2723; x_wconf 87' lang='lat' dir='ltr'>lum.-</span> <span class='ocrx_word' id='word_1_207' title='bbox 932 2664 1010 2725; x_wconf 82' lang='lat' dir='ltr'>Ain&#39;</span> <span class='ocrx_word' id='word_1_208' title='bbox 1029 2664 1089 2727; x_wconf 79' lang='lat' dir='ltr'>tu?</span> <span class='ocrx_word' id='word_1_209' title='bbox 1105 2686 1153 2737; x_wconf 52' lang='lat' dir='ltr'>,au</span> 
     </span>
     <span class='ocr_line' id='line_1_27' title="bbox 221 2752 1183 2842; baseline 0.006 -21"><span class='ocrx_word' id='word_1_210' title='bbox 221 2763 312 2833; x_wconf 80' lang='lat' dir='ltr'>aliter</span> <span class='ocrx_word' id='word_1_211' title='bbox 332 2763 366 2821; x_wconf 91' lang='lat' dir='ltr'>id</span> <span class='ocrx_word' id='word_1_212' title='bbox 384 2760 464 2823; x_wconf 81' lang='lat' dir='ltr'>[cire</span> <span class='ocrx_word' id='word_1_213' title='bbox 485 2781 555 2822; x_wconf 88' lang='lat' dir='ltr'>non</span> <span class='ocrx_word' id='word_1_214' title='bbox 580 2752 751 2842; x_wconf 70' lang='lat' dir='ltr'>potesi&#39;-</span> <span class='ocrx_word' id='word_1_215' title='bbox 773 2762 872 2822; x_wconf 90' lang='lat' dir='ltr'>Nullo</span> <span class='ocrx_word' id='word_1_216' title='bbox 895 2762 1006 2822; x_wconf 75' lang='lat' dir='ltr'>niodo.</span> <span class='ocrx_word' id='word_1_217' title='bbox 1027 2796 1070 2811; x_wconf 90' lang='lat'><em>-</em></span> <span class='ocrx_word' id='word_1_218' title='bbox 1098 2766 1154 2837; x_wconf 69' lang='lat' dir='ltr'>Tu</span> <span class='ocrx_word' id='word_1_219' title='bbox 1178 2776 1183 2787; x_wconf 87' lang='grc'><em>’</em></span> 
     </span>
     <span class='ocr_line' id='line_1_28' title="bbox 185 2852 1154 2943; baseline -0.003 -23"><span class='ocrx_word' id='word_1_220' title='bbox 185 2908 189 2925; x_wconf 89' lang='grc'>,</span> <span class='ocrx_word' id='word_1_221' title='bbox 221 2862 321 2943; x_wconf 80' lang='lat' dir='ltr'>igitur</span> <span class='ocrx_word' id='word_1_222' title='bbox 332 2852 376 2920; x_wconf 80' lang='lat' dir='ltr'>ne&#39;</span> <span class='ocrx_word' id='word_1_223' title='bbox 387 2861 428 2920; x_wconf 90' lang='lat' dir='ltr'>de</span> <span class='ocrx_word' id='word_1_224' title='bbox 440 2858 609 2920; x_wconf 81' lang='lat' dir='ltr'>Persarum</span> <span class='ocrx_word' id='word_1_225' title='bbox 624 2859 758 2939; x_wconf 81' lang='lat' dir='ltr'>quidem</span> <span class='ocrx_word' id='word_1_226' title='bbox 770 2879 843 2942; x_wconf 85' lang='lat' dir='ltr'>rege</span> <span class='ocrx_word' id='word_1_227' title='bbox 856 2861 974 2942; x_wconf 82' lang='lat' dir='ltr'>Magno</span> <span class='ocrx_word' id='word_1_228' title='bbox 987 2874 1079 2939; x_wconf 84' lang='lat' dir='ltr'>potes</span> <span class='ocrx_word' id='word_1_229' title='bbox 1102 2860 1154 2923; x_wconf 81' lang='lat' dir='ltr'>di.</span> 
     </span>
     <span class='ocr_line' id='line_1_29' title="bbox 209 2942 1176 3041; baseline 0.004 -24"><span class='ocrx_word' id='word_1_230' title='bbox 209 2942 308 3034; x_wconf 81' lang='lat' dir='ltr'>cere,</span> <span class='ocrx_word' id='word_1_231' title='bbox 321 2959 477 3019; x_wconf 83' lang='lat' dir='ltr'>beatusne</span> <span class='ocrx_word' id='word_1_232' title='bbox 499 2955 557 3016; x_wconf 75' lang='lat' dir='ltr'>lit?</span> <span class='ocrx_word' id='word_1_233' title='bbox 576 2991 617 3002; x_wconf 91' lang='lat'>-</span> <span class='ocrx_word' id='word_1_234' title='bbox 632 2960 688 3019; x_wconf 81' lang='lat' dir='ltr'>An</span> <span class='ocrx_word' id='word_1_235' title='bbox 708 2977 766 3040; x_wconf 83' lang='lat' dir='ltr'>ego</span> <span class='ocrx_word' id='word_1_236' title='bbox 787 2955 914 3036; x_wconf 85' lang='lat' dir='ltr'>postim,</span> <span class='ocrx_word' id='word_1_237' title='bbox 929 2977 1035 3036; x_wconf 90' lang='lat' dir='ltr'>quum</span> <span class='ocrx_word' id='word_1_238' title='bbox 1056 2948 1176 3041; x_wconf 68' lang='lat' dir='ltr'>igno-¹¹</span> 
     </span>
     <span class='ocr_line' id='line_1_30' title="bbox 190 3053 1153 3141; baseline 0.004 -24"><span class='ocrx_word' id='word_1_239' title='bbox 190 3058 192 3065; x_wconf 80' lang='grc'>’</span> <span class='ocrx_word' id='word_1_240' title='bbox 221 3075 307 3130; x_wconf 84' lang='lat' dir='ltr'>rem,</span> <span class='ocrx_word' id='word_1_241' title='bbox 323 3074 423 3134; x_wconf 87' lang='lat' dir='ltr'>quam</span> <span class='ocrx_word' id='word_1_242' title='bbox 440 3053 477 3129; x_wconf 75' lang='lat' dir='ltr'>fit</span> <span class='ocrx_word' id='word_1_243' title='bbox 498 3053 621 3130; x_wconf 87' lang='lat' dir='ltr'>doctus,</span> <span class='ocrx_word' id='word_1_244' title='bbox 640 3076 741 3135; x_wconf 87' lang='lat' dir='ltr'>quam</span> <span class='ocrx_word' id='word_1_245' title='bbox 759 3057 810 3114; x_wconf 83' lang='lat' dir='ltr'>vir</span> <span class='ocrx_word' id='word_1_246' title='bbox 831 3054 963 3116; x_wconf 75' lang='lat' dir='ltr'>bonust</span> <span class='ocrx_word' id='word_1_247' title='bbox 978 3089 1016 3103; x_wconf 87' lang='lat'>-·</span> <span class='ocrx_word' id='word_1_248' title='bbox 1037 3057 1153 3141; x_wconf 69' lang='lat' dir='ltr'>Quid?</span> 
     </span>
     <span class='ocr_line' id='line_1_31' title="bbox 188 3150 1156 3236; baseline 0.005 -24"><span class='ocrx_word' id='word_1_249' title='bbox 188 3218 193 3225; x_wconf 55' lang='grc'><strong>,</strong></span> <span class='ocrx_word' id='word_1_250' title='bbox 220 3165 260 3217; x_wconf 87' lang='lat' dir='ltr'>tu</span> <span class='ocrx_word' id='word_1_251' title='bbox 280 3155 317 3213; x_wconf 91' lang='lat' dir='ltr'>in</span> <span class='ocrx_word' id='word_1_252' title='bbox 339 3155 376 3213; x_wconf 89' lang='lat' dir='ltr'>eo</span> <span class='ocrx_word' id='word_1_253' title='bbox 398 3153 491 3212; x_wconf 78' lang='lat' dir='ltr'>litant</span> <span class='ocrx_word' id='word_1_254' title='bbox 511 3155 614 3213; x_wconf 89' lang='lat' dir='ltr'>vitam</span> <span class='ocrx_word' id='word_1_255' title='bbox 625 3155 754 3215; x_wconf 85' lang='lat' dir='ltr'>beatam</span> <span class='ocrx_word' id='word_1_256' title='bbox 775 3150 940 3232; x_wconf 65' lang='lat' dir='ltr'>putasi-</span> <span class='ocrx_word' id='word_1_257' title='bbox 959 3155 1004 3215; x_wconf 91' lang='lat' dir='ltr'>lta</span> <span class='ocrx_word' id='word_1_258' title='bbox 1021 3154 1156 3236; x_wconf 68' lang='lat' dir='ltr'>prorius</span> 
     </span>
     <span class='ocr_line' id='line_1_32' title="bbox 134 3249 1154 3332; baseline 0.004 -21"><span class='ocrx_word' id='word_1_259' title='bbox 134 3261 136 3265; x_wconf 81' lang='grc'>’</span> <span class='ocrx_word' id='word_1_260' title='bbox 223 3249 389 3322; x_wconf 66' lang='lat' dir='ltr'>elisttmog</span> <span class='ocrx_word' id='word_1_261' title='bbox 402 3251 506 3312; x_wconf 90' lang='lat' dir='ltr'>bonos</span> <span class='ocrx_word' id='word_1_262' title='bbox 528 3251 822 3332; x_wconf 82' lang='lat' dir='ltr'>beatos,imp.robos</span> <span class='ocrx_word' id='word_1_263' title='bbox 841 3249 1038 3317; x_wconf 70' lang='lat' dir='ltr'>miserca-</span> <span class='ocrx_word' id='word_1_264' title='bbox 1051 3251 1154 3315; x_wconf 74' lang='lat' dir='ltr'>Miser</span> 
     </span>
     <span class='ocr_line' id='line_1_33' title="bbox 222 3334 1189 3432; baseline -0.002 -24"><span class='ocrx_word' id='word_1_265' title='bbox 222 3367 299 3432; x_wconf 79' lang='lat' dir='ltr'>ergo</span> <span class='ocrx_word' id='word_1_266' title='bbox 321 3347 578 3415; x_wconf 70' lang='lat' dir='ltr'>Archelaus‘i-</span> <span class='ocrx_word' id='word_1_267' title='bbox 600 3350 704 3424; x_wconf 86' lang='lat' dir='ltr'>Certe,</span> <span class='ocrx_word' id='word_1_268' title='bbox 725 3348 749 3407; x_wconf 84' lang='lat' dir='ltr'><strong>fi</strong></span> <span class='ocrx_word' id='word_1_269' title='bbox 769 3347 917 3424; x_wconf 80' lang='lat' dir='ltr'>injustus.</span> <span class='ocrx_word' id='word_1_270' title='bbox 998 3410 1003 3425; x_wconf 55' lang='lat'>,</span> <span class='ocrx_word' id='word_1_271' title='bbox 1166 3334 1189 3417; x_wconf 56' lang='grc'>’,</span> 
     </span>
     <span class='ocr_line' id='line_1_34' title="bbox 59 3434 1157 3529; baseline 0.007 -27"><span class='ocrx_word' id='word_1_272' title='bbox 59 3434 120 3496; x_wconf 82' lang='lat' dir='ltr'>Off·</span> <span class='ocrx_word' id='word_1_273' title='bbox 138 3436 166 3503; x_wconf 65' lang='grc' dir='ltr'>ὅ»</span> <span class='ocrx_word' id='word_1_274' title='bbox 180 3436 210 3494; x_wconf 76' lang='lat'>5·</span> <span class='ocrx_word' id='word_1_275' title='bbox 307 3445 515 3526; x_wconf 83' lang='lat' dir='ltr'>Accepimus,</span> <span class='ocrx_word' id='word_1_276' title='bbox 524 3447 689 3508; x_wconf 87' lang='lat' dir='ltr'>Socratem</span> <span class='ocrx_word' id='word_1_277' title='bbox 701 3443 852 3507; x_wconf 82' lang='lat' dir='ltr'>exsecrari</span> <span class='ocrx_word' id='word_1_278' title='bbox 865 3445 1006 3508; x_wconf 82' lang='lat' dir='ltr'>solitum</span> <span class='ocrx_word' id='word_1_279' title='bbox 1019 3446 1157 3529; x_wconf 80' lang='lat' dir='ltr'>oos,qui</span> 
     </span>
     <span class='ocr_line' id='line_1_35' title="bbox 221 3544 1156 3632; baseline 0.003 -28"><span class='ocrx_word' id='word_1_280' title='bbox 221 3546 372 3626; x_wconf 88' lang='lat' dir='ltr'>primum</span> <span class='ocrx_word' id='word_1_281' title='bbox 387 3545 467 3605; x_wconf 88' lang='lat' dir='ltr'>haec</span> <span class='ocrx_word' id='word_1_282' title='bbox 480 3557 594 3604; x_wconf 90' lang='lat' dir='ltr'>natura</span> <span class='ocrx_word' id='word_1_283' title='bbox 617 3545 826 3632; x_wconf 72' lang='lat' dir='ltr'>cohaerentia,</span> <span class='ocrx_word' id='word_1_284' title='bbox 841 3544 1017 3629; x_wconf 84' lang='lat' dir='ltr'>utilitatem</span> <span class='ocrx_word' id='word_1_285' title='bbox 1036 3557 1072 3607; x_wconf 75' lang='lat' dir='ltr'>,et</span> <span class='ocrx_word' id='word_1_286' title='bbox 1091 3545 1156 3615; x_wconf 84' lang='lat' dir='ltr'>ho·</span> 
     </span>
     <span class='ocr_line' id='line_1_36' title="bbox 223 3639 804 3723; baseline -0.007 -19"><span class='ocrx_word' id='word_1_287' title='bbox 223 3641 391 3718; x_wconf 82' lang='lat' dir='ltr'>nostatem,</span> <span class='ocrx_word' id='word_1_288' title='bbox 413 3643 566 3723; x_wconf 88' lang='lat' dir='ltr'>opinione</span> <span class='ocrx_word' id='word_1_289' title='bbox 589 3639 804 3703; x_wconf 82' lang='lat' dir='ltr'>dillraxillent.</span> 
     </span>
     <span class='ocr_line' id='line_1_37' title="bbox 68 3735 1189 3822; baseline 0.002 -22"><span class='ocrx_word' id='word_1_290' title='bbox 68 3735 199 3814; x_wconf 74' lang='lat' dir='ltr'>Quintil.</span> <span class='ocrx_word' id='word_1_291' title='bbox 274 3741 300 3765; x_wconf 92' lang='grc'>’·</span> <span class='ocrx_word' id='word_1_292' title='bbox 328 3743 470 3817; x_wconf 85' lang='lat' dir='ltr'>Socrates</span> <span class='ocrx_word' id='word_1_293' title='bbox 486 3737 648 3801; x_wconf 85' lang='lat' dir='ltr'>accusatus</span> <span class='ocrx_word' id='word_1_294' title='bbox 669 3737 723 3814; x_wconf 83' lang='lat' dir='ltr'>est,</span> <span class='ocrx_word' id='word_1_295' title='bbox 743 3738 829 3817; x_wconf 85' lang='lat' dir='ltr'>quod</span> <span class='ocrx_word' id='word_1_296' title='bbox 851 3752 1077 3822; x_wconf 81' lang='lat' dir='ltr'>corrumperet</span> <span class='ocrx_word' id='word_1_297' title='bbox 1100 3739 1158 3820; x_wconf 77' lang='lat' dir='ltr'>ju-</span> <span class='ocrx_word' id='word_1_298' title='bbox 1185 3778 1189 3789; x_wconf 90' lang='lat'>·</span> 
     </span>
     <span class='ocr_line' id='line_1_38' title="bbox 58 3807 1115 3920; baseline 0.001 -20"><span class='ocrx_word' id='word_1_299' title='bbox 58 3807 210 3882; x_wconf 76' lang='lat'>¹·4‘⁰&#39;4&#39;⁵⁰</span> <span class='ocrx_word' id='word_1_300' title='bbox 265 3852 450 3918; x_wconf 77' lang='lat' dir='ltr'>remmom,</span> <span class='ocrx_word' id='word_1_301' title='bbox 464 3852 496 3902; x_wconf 86' lang='lat' dir='ltr'>et</span> <span class='ocrx_word' id='word_1_302' title='bbox 515 3856 615 3901; x_wconf 83' lang='lat' dir='ltr'>novae</span> <span class='ocrx_word' id='word_1_303' title='bbox 631 3834 867 3920; x_wconf 78' lang='lat' dir='ltr'>superstitiones</span> <span class='ocrx_word' id='word_1_304' title='bbox 881 3839 1115 3903; x_wconf 87' lang='lat' dir='ltr'>introduceret.</span> 
     </span>
    </p>
   </div>
   <div class='ocr_carea' id='block_1_4' title="bbox 1057 3934 1161 4010">
    <p class='ocr_par' dir='ltr' id='par_1_4' title="bbox 1057 3934 1161 4010">
     <span class='ocr_line' id='line_1_39' title="bbox 1057 3934 1161 4010; baseline 0 0"><span class='ocrx_word' id='word_1_305' title='bbox 1057 3934 1161 4010; x_wconf 63' lang='lat' dir='ltr'>His-23</span> 
     </span>
    </p>
   </div>
   <div class='ocr_carea' id='block_1_5' title="bbox 0 0 1253 4576">
    <p class='ocr_par' dir='ltr' id='par_1_5' title="bbox 0 0 1253 4576">
     <span class='ocr_line' id='line_1_40' title="bbox 0 0 1253 4576; baseline 0 0"><span class='ocrx_word' id='word_1_306' title='bbox 0 0 1253 4576; x_wconf 95' lang='lat' dir='ltr'> </span> 
     </span>
    </p>
   </div>
  </div>
 </body>
</html>
