2476 4576
246 290 314 365 138
359 279 464 346 ster
478 280 574 351 11..c
589 296 621 363 3
635 267 810 374 ιιΕΡιιιι1
817 281 956 357 Gnaeo.
965 278 1125 374 sacras,

286 455 359 532 scit,
373 469 405 519 et
418 474 475 537 per
491 454 731 539 septuaginta
699 475 786 527 viros
799 456 962 536 Hebraeos
975 497 986 531 ,
1000 458 1060 544 qui
1077 411 1190 520 etiam

189 617 192 628 ,
266 632 271 645 1
287 555 441 615 Graecam
455 553 603 635 linguam
623 568 792 629 noverant,
807 555 1065 637 interpretandas
1085 575 1171 618 cura·

152 694 154 703 ,
233 708 237 714 .
286 655 349 728 vit,
366 638 444 717 anni
464 651 569 714 ferme
589 654 794 731 reperiuntur
812 654 874 714 LX
915 651 1146 737 Quapropter
1138 672 1209 712 ιιι
1206 690 1209 729 1

235 738 236 743 ¹
286 751 341 815 illa
355 749 613 831 peregrinatione
634 748 687 817 sua
693 750 782 810 Plato
795 768 857 810 neo
870 751 1077 811 Hieremiam
1088 751 1170 813 vido·

195 888 198 897 ι
285 857 321 910 're
347 848 476 926 potuit,
510 858 598 912 tanto
628 860 701 907 ante
724 847 940 922 domnorum,
960 867 1023 909 nec
1044 848 1171 910 easdem
1204 880 1209 903 ·.

288 944 457 1026 scripturas
479 945 593 1026 legere,
607 965 687 1026 quae
707 946 861 1021 nondum
882 946 1012 1007 fuerant
1026 947 1064 1006 in
1073 947 1178 1027 Grae-¹

287 1064 361 1104 cant
387 1043 535 1126 linguam
562 1031 747 1116 translatae,
763 1062 826 1122 qua
854 1043 909 1103 ille
931 1044 1089 1123 pollebat:
1116 1043 1170 1104 nili

286 1142 390 1215 sorte,
403 1142 476 1223 quia
496 1140 560 1200 fnit
584 1143 734 1211 acerrimi
759 1140 897 1214 studii,
890 1141 969 1201 sicut
990 1143 1170 1247 Aegyptias,
1208 1150 1210 1225 j

285 1240 329 1301 ita
353 1253 384 1300 et
405 1237 473 1299 istas
495 1258 553 1316 per
573 1241 784 1337 interpretem
806 1239 927 1337 didicit,
948 1257 1018 1299 non
1037 1253 1077 1300 ut
1086 1234 1169 1301 sori·

285 1337 393 1409 bondo
413 1339 614 1421 transterret,
635 1338 720 1416 quod
741 1315 949 1401 Ptolemaeus
967 1356 1026 1417 pro
1049 1337 1169 1421 ingenti
1208 1356 1210 1395 ε

286 1435 453 1506 beneficio,
469 1456 524 1513 qur
540 1438 623 1514 regia
639 1433 798 1521 potestate
804 1432 902 1498 etiam
917 1435 1026 1495 timeri
1040 1447 1169 1517 poterat,
1208 1466 1210 1497 ι

240 1574 255 1599 -,
282 1532 436 1597 meruisse
450 1529 705 1611 perlribetursed
720 1546 758 1590 ut
772 1531 1084 1610 colloquendo,quid
1096 1550 1169 1592 con·

285 1633 440 1705 tinerem,
454 1622 616 1717 quantum
638 1646 747 1705 capere
769 1627 935 1709 potuisset,
949 1627 1132 1702 addisceret.

311 1728 412 1802 Jdem
445 1728 506 1787 olio
543 1726 607 1791 loco
641 1723 677 1784 de
703 1715 960 1831 pbilosopbioP
960 1725 1074 1793 botonis
1102 1727 1168 1806 boec
1208 1726 1211 1771 Ι

186 1825 354 1919 scribit

77 1928 231 1997 c1vrtDer
327 1928 414 1992 Inter
426 1923 595 2004 discipulos
609 1923 744 1985 Socratis
760 1942 829 1982 non
850 1921 1012 2002 quidem
1003 1918 1211 1987 immeritor

77 2005 101 2063 ¹·
119 2002 148 2062 8
164 2010 228 2071 ⁰··4
253 2022 545 2091 ¹earoallentissnna
561 2023 660 2104 gloria
673 2023 798 2095 claruit,
813 2023 869 2100 qui
890 2021 1037 2080 omnino
1054 2016 1169 2083 ceteros
1203 1992 1211 2077 i

110 2160 114 2179 ,ι
197 2190 199 2196 1
287 2122 485 2194 obscuraret,
506 2120 604 2180 Plato.
648 2117 714 2202 Qui
737 2138 844 2197 quum
863 2117 937 2178 esset
955 2114 1211 2205 Atheniensis,
1209 2158 1212 2167 -

193 2242 198 2249 ·
285 2220 420 2283 honesto
433 2218 517 2298 apud
531 2216 603 2275 suos
621 2216 692 2276 loco
710 2229 816 2289 natus,
834 2228 866 2275 et
884 2216 1017 2298 ingenio
1030 2214 1169 2296 mirabili
1209 2234 1212 2281 3

284 2321 381 2402 longe
396 2316 469 2375 suos
491 2311 725 2392 condiscipulos
746 2315 900 2387 anteiret,
920 2314 1169 2401 parum'tamen
1208 2338 1212 2433 1

182 2466 187 2479 .
286 2433 405 2500 putans
412 2413 620 2493 perficiendae
633 2409 850 2492 philosophiae
863 2408 1006 2472 sufficere
1019 2410 1051 2472 se
1064 2410 1212 2497 ipsum¹

190 2490 195 2504 ι
285 2537 322 2578 ac
343 2514 537 2577 Socraticam
558 2507 778 2588 disciplinam,
800 2528 899 2591 quam
919 2508 1017 2591 longe
1043 2508 1212 2591 lateque¹
1207 2550 1212 2633 1

230 2592 234 2605 “
283 2614 510 2697 potuit‚p'ereg
513 2608 633 2666 sinatus
656 2603 715 2676 est,
731 2605 989 2685 quaquaversum
1011 2626 1095 2674 eum
1116 2606 1212 2679 ali·

282 2714 379 2788 cujus
398 2700 582 2767 nobilitatae
609 2698 757 2763 scientiae
775 2701 994 2784 percipiendae
1015 2704 1103 2767 sama
1123 2723 1168 2764 ra·
1209 2688 1213 2769 s

283 2809 527 2898 piebat.1taque
548 2816 580 2862 et
599 2802 648 2859 in
655 2799 801 2882 Aegypto
824 2802 950 2876 didicit,
958 2812 1168 2883 quaecunque

188 2968 190 2975 ,
282 2911 348 2971 illic
363 2922 480 2984 magna
493 2900 694 2960 habebantur
709 2913 804 2978 atque
817 2899 1026 2975 docebantur,
1042 2914 1076 2960 et
1096 2899 1167 2961 inde

278 3023 387 3069 meas
401 3001 511 3062 ltaliae
524 2982 627 3076 part‘es
647 2997 802 3072 veniens,
821 2998 879 3058 ubi
893 2998 1169 3079 Pythagoreorum
1200 3004 1204 3015 '

281 3102 370 3167 sarna
388 3097 616 3168 celebrabatur,
629 3094 786 3174 quidquid
808 3095 932 3156 Italicae
949 3086 1168 3178 philosophiae

255 3222 257 3233 ·
282 3191 364 3265 tun'c
375 3198 516 3267 florebat,
530 3192 644 3255 auditis
661 3193 934 3254 eminentioribus
949 3196 983 3254 in
1000 3213 1036 3255 ea
1060 3195 1168 3256 docto-

282 3304 398 3373 ribus,
421 3293 572 3355 sacillime
594 3309 692 3369 comp
710 3289 852 3349 ehendir.
894 3293 937 3352 Et
964 3292 1039 3375 quia
1068 3271 1168 3374 magl-

277 3400 382 3463 strum
406 3395 570 3456 Socratem
594 3310 795 3469 singuiarit'er
824 3388 991 3470 diligebat,
1018 3407 1102 3453 eum
1122 3386 1169 3450 lo'·

283 3509 440 3578 quentem
454 3491 519 3551 fere
534 3490 570 3548 in
579 3475 735 3548 omnibus
749 3484 952 3547 sermonibus
965 3485 1029 3547 suis
1038 3487 1169 3562 satiens,

179 3578 181 3589 ¹
282 3598 383 3656 etiam
405 3591 478 3663 illa,
500 3604 580 3666 quae
601 3585 654 3644 vel
675 3586 713 3646 ab
733 3585 802 3644 aliis
824 3585 992 3659 didicerat,
1012 3585 1067 3646 vel
1092 3583 1168 3665 ipse,

283 3706 401 3773 quanta
420 3700 566 3769 potuerat
588 3682 811 3767 intelligentia,
827 3684 960 3758 viderat,
981 3702 1062 3744 cum
1082 3683 1169 3743 illius

190 3835 195 3846 ,
281 3792 391 3872 lepore
412 3801 443 3848 ct
469 3783 648 3844 moralibus
672 3780 939 3863 disputationibus
967 3782 1170 3861 temperavit.
1211 3788 1215 3863 1

281 3894 391 3971 ltaque
406 3901 511 3968 quum
523 3880 668 3960 studium
679 3879 850 3964 sapientiae
863 3882 900 3943 in
912 3881 1038 3952 actione
1053 3893 1171 3947 etton-

1084 3990 1170 4043 tem·
1211 3972 1215 4061 Ι
