2476 4576
274 320 355 386 vll.
377 267 609 385 Socrarrcu
638 295 836 387 Socnmus.
971 329 1026 413 δι’

81 526 86 533 ·
178 495 243 559 Hac
254 494 297 557 est
310 495 366 556 alle
378 495 489 555 vultus
509 494 634 576 lumper
657 438 771 571 idem,
788 513 888 576 quem
906 495 1024 556 dicitur
1046 444 1121 553 Tau
1123 500 1172 563 5,

81 593 277 676 Xanthippe
292 590 623 674 praenotatorum
636 595 708 652 vno
726 592 783 653 uo
805 593 896 653 fuine
916 572 1025 656 sura
1092 567 1138 622 ¹⁵·

84 704 145 751 rte:
167 691 289 751 eodem'
296 689 422 772 iamper
430 687 580 751 levrdrlle
587 703 765 751 exeuntem
772 688 870 750 rllum
877 692 976 751 domo
993 702 1026 751 et

95 793 343 851 revertentem»
354 791 423 850 Nec
434 806 513 848 vero
528 806 563 847 ea
579 787 668 848 frons
682 800 757 863 erat,
771 789 911 870 quaeM.
928 774 1026 848 Craffi
1131 800 1134 805 ⁴

93 884 187 946 illiue
201 887 328 959 veturia,
341 891 441 966 quem
457 881 557 953 ‘semel
569 887 613 945 ait
626 887 662 945 in
676 886 770 945 omni
785 887 849 944 vita
863 883 954 946 rifille
964 887 1026 945 Lu·
1150 876 1157 891 ’

83 962 209 1056 ‘cilium
229 981 288 1046 led,
296 985 467 1065 tranquilla
481 997 514 1044 et
528 980 636 1043 serena
646 994 661 1042 ι·
675 981 715 1041 'fic
724 984 815 1041 enim
828 984 1027 1064 accepimusz

96 1079 173 1158 jure
186 1094 297 1142 autem
311 1093 378 1141 erat
390 1058 517 1161 lemper
528 1081 618 1141 idem
632 1080 755 1155 vultus,
774 1099 879 1160 quum
896 1081 1029 1154 mentio,

97 1198 116 1238 a
137 1197 199 1259 qua
220 1181 247 1239 is
269 1179 414 1260 fingitur,
432 1179 524 1243 nulla
545 1178 633 1238 fieret
651 1178 801 1237 mutatio

85 1282 88 1287 '
186 1269 363 1351 Socratem,
378 1277 433 1358 qui
449 1276 504 1334 vol
491 1252 651 1355 lupltatem
665 1254 758 1335 nullo
772 1275 843 1334 loca
864 1282 1030 1347 numerat,
1040 1274 1102 1330 Fir
1109 1271 1193 1339 md·
1216 1346 1222 1357 .

97 1371 197 1433 audio
212 1374 388 1450 dicentem,
403 1373 466 1434 cibi
483 1373 744 1434 condimentum
748 1372 807 1434 elle
824 1374 959 1448 famem,
973 1393 1032 1453 po·
1104 1396 1107 1403 ¹

100 1473 202 1531 tionie
217 1471 314 1533 sitim.
357 1472 436 1530 Hmc
451 1489 532 1532 eum
543 1469 700 1548 ferunt,
682 1491 787 1553 quum
801 1490 903 1551 usque
922 1471 959 1531 ad
974 1490 1030 1532 ve
1023 1469 1127 1527 Tulc.
1149 1468 1179 1535 d.

100 1567 238 1671 sperum
257 1572 443 1653 contentius
463 1569 662 1646 ambularet,
686 1566 930 1648 quaesitumque
958 1568 1032 1631 ellet
1076 1546 1125 1609 44

102 1685 144 1726 ex
159 1685 215 1741 ed,
227 1669 342 1823 'square
340 1667 376 1726 id
390 1667 515 1741 faceret,
530 1663 737 1747 respondille:
752 1665 817 1741 Se,
834 1685 898 1773 quo
912 1670 1033 1734 melius

103 1776 266 1839 coenaret,
281 1763 433 1847 opsonare
447 1763 644 1836 ambulando
661 1762 844 1824 lamam

191 1863 413 1935 Socratea,'1n
435 1872 555 1940 pompa
575 1872 683 1940 quum
702 1879 819 1941 magna
838 1863 888 1922 via
901 1864 971 1922 auri
985 1867 1129 1943 artjruic.
1148 1865 1181 1932 6.,

92 1962 263 2045 „gentique
285 1959 438 2018 ferretur:
464 1957 574 2051 Quam
601 1958 706 2018 multa
726 1973 797 2022 non
814 1958 964 2034 desidero,
982 1962 1034 2021 in'·
1081 1943 1124 1994 5²·

104 2059 190 2143 quit.
287 2130 289 2137 χ
881 2086 888 2093 -
1025 2070 1029 2079 ’

194 2157 331 2218 Socratis
346 2146 520 2238 ingenium
531 2154 699 2237 variosque
720 2155 885 2220 sermon'es
901 2158 1039 2220 immors-
1052 2167 1138 2230 Ona,
1155 2163 1200 2225 ιδ.
1216 2156 1224 2167 “

108 2255 226 2316 talitati
240 2255 362 2334 scriptia
380 2253 443 2338 luis
451 2255 540 2316 Plato
554 2253 887 2343 tradidit,quunulpse
899 2256 1040 2345 litteram
1112 2269 1117 2275 ·
1201 2308 1202 2312 ,

64 2353 254 2415 .-Socrates
267 2351 397 2411 nullam
419 2348 601 2431 reliquillet.
680 2374 688 2391 ι
943 2386 946 2400 =
1142 2350 1196 2389 ”-’·

196 2448 348 2531 Sophistis
365 2447 512 2531 opposuit
527 2447 589 2512 lele
603 2450 766 2528 Socratea',
789 2452 845 2534 qui
866 2432 1038 2518 subtilitate
1051 2461 1135 2524 Brut.
1153 2453 1184 2526 8.

109 2548 253 2632 quadam
269 2542 458 2627 'disputandi
471 2547 619 2608 refellere
633 2567 750 2609 eorum
766 2549 908 2610 inllituta
922 2551 1040 2615 solebat
1073 2531 1077 2541 Ι

100 2647 230 2708 ⁴*eerbiu
272 2643 380 2722 Hujus
394 2664 434 2704 ex
446 2646 622 2707 uberrimis
635 2645 841 2709 sermonibus
856 2633 1043 2714 exstiterunt
1136 2714 1137 2719 ,

111 2738 288 2813 doctiffimi
303 2743 382 2803 viri·
373 2744 632 2833 ‚priuaumque
645 2757 720 2802 tum
734 2742 950 2824 philosophia,
971 2771 1042 2810 non

97 2842 171 2905 illa
186 2840 227 2902 de
247 2855 375 2918 natura,
396 2860 477 2920 quae
500 2841 605 2901 fuerat
623 2832 799 2930 antiquior,
826 2839 878 2901 led
899 2843 1018 2919 haec,
1010 2869 1076 2906 ιιι

96 2958 181 3024 ἰιιιι
195 2939 234 2998 de
253 2940 349 3000 bonis
365 2941 462 3000 rebus
481 2952 513 3001 et
520 2922 641 3013 malis,
661 2937 764 3022 deque
784 2937 964 3000 hominum
982 2945 1049 3004 vita

114 3051 151 3101 et
169 3038 318 3098 moribus
342 3031 545 3116 disputatur,
562 3039 694 3098 inventa
710 3034 853 3103 dicitur.
921 3038 1005 3100 Nam
1029 3044 1124 3103 aTul
1121 3061 1137 3134 ι
1138 3046 1212 3117 ‚inp

115 3135 247 3197 Socrate
280 3136 412 3209 omnis,
447 3152 548 3213 quae
556 3133 600 3199 est
626 3134 666 3197 de
686 3136 753 3196 vita
774 3148 807 3197 et
827 3134 868 3196 de
887 3140 1047 3241 moribus,

113 3231 318 3316 philosophia
335 3233 490 3292 manavit.
633 3235 637 3241 ’
1101 3236 1103 3241 ’

184 3331 389 3419 Deprecor,
393 3321 441 3389 ne
433 3338 519 3414 me,
544 3341 700 3413 tanquam
718 3330 968 3414 philosophum,
987 3356 1046 3429 pu
1063 3339 1174 3403 Pina,
1190 3353 1216 3390 1.

116 3426 196 3491 'tetis
211 3426 353 3487 scholam
366 3428 458 3488 vobis
478 3427 620 3510 aliquam
636 3429 889 3511 explicaturum:
908 3432 994 3512 quod
1007 3454 1051 3496 ma

118 3529 159 3589 in
171 3525 243 3607 ipsis
258 3515 392 3605 quidem
407 3525 603 3607 philosophis
611 3545 807 3609 magnopere
819 3547 964 3608 unquam
976 3542 1052 3612 pro'·

117 3625 207 3687 bavi.
251 3620 390 3706 Quando
409 3625 502 3684 enim
518 3624 677 3700 Socrates,
697 3627 753 3710 qui
773 3644 888 3705 parens
908 3628 1051 3691 Philolo-

119 3720 241 3806 phiae'
231 3741 303 3799 Jure
317 3721 379 3781 dici
391 3721 500 3802 potest,
520 3723 699 3804 quidquam
717 3721 778 3782 tale
798 3722 896 3783 fecit?
924 3727 1051 3793 Eorum

119 3833 192 3884 erat
218 3817 274 3879 iste
296 3837 389 3897 mos,
418 3820 475 3898 qui
501 3830 578 3878 tum
603 3818 765 3900 Sophist'ae
784 3822 1050 3889 nominabantur.
1119 3834 1122 3843 ⁴

119 3917 186 3982 Sed
200 3915 367 4000 sophistas,
384 3931 423 3977 ut
435 3936 454 3978 e
466 3915 599 3980 Platone
620 3917 758 3999 intelligi
772 3916 987 3999 potest‚·'lulos
1001 3926 1052 3982 vl-

650 4013 676 4077 F
695 4025 717 4093 5
933 4018 1053 4084 demus

1186 3698 1191 3727 l
