2476 4576
237 303 307 368 192
356 283 460 351 Saea.
477 285 524 351 ΙΙ.
551 284 589 348 C.
607 285 707 365 pne
725 280 832 347 Pura.
847 281 988 348 earne.
1005 282 1166 353 Sanam

170 453 370 523 solitum
385 478 422 519 eo
436 459 540 519 delabi
558 438 735 529 interddm,
749 470 788 518 ut
801 456 931 534 diceret,
938 458 1167 538 oprnaturum,

102 620 111 637 -.
236 558 270 617 id
286 557 338 634 est,
354 569 563 639 peccaturum
583 555 642 614 esse
654 554 840 636 sapientem
882 557 995 616 Licere
1009 557 1167 619 enimni·'

74 665 122 721 Ae.
137 660 221 734 ma.
236 656 282 716 bil
301 658 462 734 percipere
485 666 647 712 ettamen
670 653 805 732 opinari.
843 648 904 712 Sed
925 653 1086 730 equidem
1106 654 1165 717 Cli·
1180 727 1185 731 ,

62 738 66 745 ’
146 748 163 783 ·'
233 753 385 813 romacho
407 752 480 832 plue
503 770 601 828 quam
615 749 745 810 Philoni
760 761 816 809 aut
829 749 1067 826 Metrodoro(⁹
1069 752 1165 833 >cre-

181 842 333 924 deira,
353 850 414 908 hoc
426 849 528 929 magia
545 848 582 907 ab
599 866 636 906 eo
657 845 857 926 disputatum
871 866 972 927 quam
983 850 1163 927 probatum

124 946 166 1003 ib.
178 961 220 1001 ar.
234 961 322 1028 puto.
364 947 613 1026 Nonnunquam
628 947 703 1003 enim
718 944 800 1003 illud
821 944 925 1021 dabat,
946 946 1093 1008 assentiri
1111 946 1164 1009 att.

235 1044 363 1126 quando
375 1043 568 1124 sapientem3
588 1044 631 1101 ita
648 1027 837 1120 sequebatur
851 1045 950 1104 etiam
964 1046 1116 1125 opinari.-

125 1147 167 1202 ib.
179 1150 221 1206 δι.
317 1143 393 1200 Duo
415 1141 517 1220 placet
537 1138 597 1198 esse
618 1139 773 1201 Carneadi
793 1158 910 1220 genera
932 1141 1101 1204 visorum:
1130 1144 1164 1206 itt

234 1259 304 1300 uno
324 1242 406 1299 banc
427 1237 635 1312 divisionem,
656 1237 730 1296 Alia
750 1232 816 1295 risa
834 1237 914 1314 elle,
935 1236 1017 1331 qu'ae
1042 1238 1163 1322 percipi

222 1324 365 1419 'possrnu
385 1335 443 1394 alia
457 1355 538 1414 quae
551 1353 620 1395 non
634 1329 798 1414 possintz'
788 1353 824 1394 ιιι
839 1337 937 1398 altero
952 1350 1080 1414 autem,
1095 1326 1164 1401 Alta

236 1434 302 1496 vila
320 1432 379 1496 esse
391 1433 579 1513 probabilia,
598 1433 656 1495 alia
672 1451 741 1513 non
753 1434 938 1511 probabilia.
961 1438 1075 1518 ltaque
1087 1454 1163 1523 quae

237 1546 347 1593 contra
363 1528 469 1590 sensus
484 1543 655 1629 contraque
667 1508 926 1610 perspicuitatem
940 1533 1163 1610 dicantur,‘ea

235 1630 397 1712 pertinere
417 1629 456 1687 ad
478 1604 679 1707 superbirem
698 1628 905 1691 divisionem:
934 1645 1046 1693 contra
1064 1628 1162 1713 polie-

235 1731 358 1793 riorem
373 1725 456 1784 nihil
476 1726 539 1784 drcr
552 1738 709 1805 oportere
753 1725 889 1808 Quare
880 1740 921 1792 tta
944 1729 1084 1810 placere,
1104 1730 1166 1791 tale—
1202 1796 1204 1801 ,

151 1824 154 1831 “
234 1824 344 1884 visum
361 1821 494 1884 nullum
519 1819 590 1898 esse,
611 1837 649 1882 ut
662 1825 822 1909 perceptio
839 1823 1105 1908 consequeretur:
1126 1838 1161 1888 ut

234 1936 346 1983 autem
367 1921 530 2003 probatio,
557 1920 671 1980 multa.
713 1920 848 1981 Etenim
874 1937 983 1984 contra
1011 1938 1161 1987 naturam

117 2040 121 2048 ’
195 2004 201 2013 ’
236 2019 314 2095 esse,
335 2020 543 2100 srprobabile
565 2018 650 2077 nihil
669 2016 761 2092 esset,
787 2030 819 2079 et
840 2018 929 2100 sequi
947 2023 1060 2093 omnia
1081 2023 1163 2085 vitae

235 2119 446 2207 eversronem.
488 2118 573 2175 Haec
592 2114 667 2175 suut
685 2114 794 2175 sumta
813 2117 852 2178 de
875 2120 983 2198 primo
1008 2120 1160 2183 clitoma-

124 2216 166 2278 ib
174 2220 223 2292 45.
237 2218 288 2276 chi
302 2216 384 2276 libro
405 2214 445 2273 de
458 2211 648 2273 sustinendis
675 2211 911 2276 assensionibus.
954 2215 1039 2276 idem
1064 2235 1158 2279 tamen

117 2315 120 2321 '
237 2313 458 2375 Clitomachus
470 2308 658 2384 affirmabat,
672 2329 847 2391 nunquam
860 2311 901 2375 se
907 2314 1090 2398 intelligere
1101 2336 1160 2401 po·

9 2478 13 2485 ⁸
236 2407 339 2479 tuisse,
353 2407 439 2485 quid
452 2405 607 2467 Carneadt
620 2410 822 2487 probaretur

73 2508 147 2564 Div
162 2527 174 2562 ι
178 2515 223 2577 ,4
320 2507 351 2566 A
364 2504 525 2563 Carneade
538 2505 642 2564 multa
656 2519 748 2566 acute
761 2521 793 2567 et
812 2507 934 2590 copiose
955 2523 1066 2573 contra
1080 2514 1159 2576 stoi·

71 2575 222 2642 ΜΨ
212 2612 289 2666 ’cos
307 2601 461 2683 disputata
484 2599 636 2661 sunt.—
593 2603 730 2678 —llla,
754 2617 836 2683 quae
854 2605 1032 2669 Carneadea
1049 2600 1159 2673 affere·

128 2706 136 2714 “
140 2659 166 2699 2’
234 2703 301 2775 bat,
324 2700 606 2780 quemadmodum
624 2698 831 2778 dissolvitis,
822 2723 875 2773 uos
895 2701 1014 2765 St01c12
1036 2709 1066 2784 (
1074 2711 1110 2786 )
1128 2712 1159 2774 si

109 2839 113 2851 ι
194 2845 199 2871 ,
234 2801 371 2863 nullum
392 2811 507 2876 corpus
528 2799 713 2868 immortale
735 2799 787 2874 sn,
807 2800 943 2862 nullum
963 2802 1024 2863 elle
1044 2822 1159 2889 corpur

114 2875 155 2895 Μ
234 2899 481 2979 sempiternum.
525 2896 649 2974 Corpus
672 2909 792 2959 autem
813 2900 1000 2961 immortale
1026 2904 1160 2966 nullum

148 3032 150 3037 ·
233 2996 303 3070 esse,
323 3015 367 3054 ne
382 2990 592 3053 individuum
611 2993 764 3070 quidem,
783 3014 844 3054 nec
864 2998 951 3075 quod
978 2999 1160 3089 dirimet

231 3093 365 3156 strahive
378 3107 448 3150 non
461 3083 563 3168 poffit.
607 3088 787 3173 Quumque
814 3111 915 3154 omne
938 3097 1062 3158 animal
1080 3101 1161 3181 pati
1197 3088 1201 3095 ⁵

231 3193 335 3254 bilem
348 3195 501 3247 naturam
512 3185 636 3258 habeat,
657 3187 792 3247 nullum
806 3189 848 3249 est
862 3209 988 3267 eorum,
1012 3199 1101 3274 quod
1113 3198 1160 3261 ef-

233 3289 344 3373 fugiat
357 3282 531 3363 accipiendi
552 3284 670 3364 aliquid
690 3285 904 3365 extrinsecus,
931 3289 1044 3369 idest,
1075 3296 1160 3377 qnasi
1194 3342 1199 3361 ,

233 3385 360 3448 serendi
374 3395 405 3441 et
419 3381 562 3460 patiendi
576 3376 819 3443 necessitatem.
832 3386 908 3444 Etsi
922 3404 1023 3448 omne
1036 3390 1160 3454 animal

178 3478 182 3489 ’
232 3483 328 3546 secari
349 3499 384 3542 ac
402 3477 503 3538 dividi
521 3477 645 3576 potest,
669 3479 804 3587 nullum
829 3480 872 3543 est
895 3502 1012 3548 eorum
1038 3474 1160 3555 indivi-

975 3608 977 3612 ·
1049 3587 1160 3655 duum

268 3783 315 3852 (9)
333 3774 420 3829 Philo
446 3766 664 3847 Clitomachi,
661 3722 861 3832 Metrodorus
890 3777 979 3854 ipsiut
1002 3779 1160 3842 camerti·

301 3855 460 3935 discipulus
478 3869 547 3908 erat.

268 3962 332 4029 (ιο)
352 3958 412 4030 Qui
429 3956 539 4012 docetis
555 3954 699 4013 mundum
715 3959 767 4015 esse
786 3956 899 4020 animal
910 3975 1001 4036 atque
1012 3963 1126 4059 Deum.
