2476 4576
938 196 948 231 1

158 310 241 395 Xil.
269 311 552 429 Prolisrurrcr.
567 316 859 403 Drc'inmcmta
910 336 980 410 235
1043 341 1047 359 ·
1126 348 1131 355 ·

48 502 92 565 de
106 508 285 611 oornpa'rat,
307 488 430 585 quanto
446 505 557 585 plures
573 503 669 565 deleti
684 503 744 563 iant
760 503 913 577 homines
924 503 979 571 hos

48 600 189 687 minum
202 604 339 682 impetu,
359 603 394 662 id
406 601 447 662 est
460 599 553 662 hellis
569 615 625 661 aut
638 599 857 676 seditionibus,
881 618 982 683 quam

51 700 149 760 omni
168 699 288 779 reliqua
310 698 498 762 calamitate.

137 790 352 874 Dicaearchus
379 797 416 856 ln
441 813 479 855 eo
507 792 678 870 sermone,
709 814 809 875 quem
835 795 984 857 Corinthi
1014 796 1098 873 Tale.
1119 815 1147 865 ι,

51 892 205 953 habitum
225 893 329 953 tribus
350 893 439 954 libris
455 894 610 973 exponit,
619 893 790 954 doctorum
806 894 1018 979 hominum
1062 881 1107 924 ²⁰·
1140 892 1168 921 ·’

50 964 301 1071 disputantium
310 992 420 1071 primo
441 990 525 1050 libro
554 978 678 1050 multos
704 990 872 1070 loquentes
894 990 985 1050 facit:

52 1086 183 1148 duobus
206 1087 431 1149 Pherecratem
459 1074 625 1171 quendam
650 1088 837 1149 Phthiotam
864 1086 987 1159 lenem,
1062 1086 1086 1137 ’»

52 1200 158 1264 quom
169 1185 213 1244 ait
225 1205 242 1244 a
254 1180 453 1271 Deucalione
475 1186 608 1271 ortum,-
626 1183 832 1251 'dillerentem
850 1185 987 1258 inducit,

52 1283 141 1344 nihil
155 1280 215 1342 elle
230 1282 370 1342 omnino
385 1282 557 1357 animum,
578 1295 610 1343 et
629 1280 769 1343 hocelle
790 1300 915 1343 nomen
937 1266 989 1341 to·¹

52 1380 133 1440 'ium
150 1380 266 1454 inane,
287 1368 465 1461 frustraque
481 1378 643 1439 'animalia
665 1391 698 1438 ot
724 1380 907 1440 animantes
933 1399 988 1460 ap·

12 1492 24 1505 ‘
45 1478 187 1558 =pellari3
215 1495 324 1557 neque
346 1477 383 1535 in
402 1466 542 1536 homine
557 1462 654 1536 inelie
673 1477 826 1553 animum
845 1475 899 1561 vel
921 1463 988 1536 ani·

53 1594 170 1652 mam,
190 1594 252 1635 nec
268 1577 303 1636 in
318 1568 430 1634 bestiis:
451 1575 588 1654 vimque
603 1578 742 1634 omnem
756 1592 841 1649 eam,
861 1592 922 1653 qua
935 1572 994 1637 vel

54 1691 191 1756 agamus
212 1672 290 1754 quid
311 1671 366 1730 vel
387 1669 596 1748 sentiamus,
611 1690 647 1731 m
669 1671 824 1731 omnibus
850 1672 987 1751 corpori·

53 1769 119 1831 bus
139 1771 222 1837 vivis
242 1767 449 1849 aequabiliter
469 1767 530 1830 elie
550 1767 676 1843 fusam,
698 1787 759 1828 nec
781 1767 989 1851 separabilem
1070 1846 1074 1851 Ι

54 1886 83 1933 a
93 1884 225 1947 corpore
247 1852 324 1938 elie,
347 1867 465 1944 quippe
484 1885 565 1944 quae
579 1860 678 1924 nulla
688 1863 741 1938 fit,
761 1864 874 1928 nectit
893 1862 1044 1948 quid--

54 1982 178 2055 quam,
198 1962 258 2022 nisr
276 1978 391 2041 corpus
406 1981 517 2027 unum
529 1974 564 2020 st
563 1960 756 2041 simplex,
747 1975 789 2021 sta
804 1965 987 2044 figuratum,
1071 1962 1074 1967 ’
1150 2018 1153 2025 .

27 2078 32 2093 ’
54 2074 95 2122 ut
109 2060 346 2140 temperatione
364 2070 498 2119 naturae
511 2059 616 2141 vigeat
637 2069 670 2117 et
686 2056 808 2121 sentiar.
831 2093 874 2107 -
890 2060 989 2128 Acori
1015 2046 1103 2143 pium
1123 2081 1170 2143 ι’·

54 2160 143 2221 rime
156 2157 286 2217 deliciae
298 2163 417 2232 meses
441 2155 671 2228 Dicaearchus,
692 2172 801 2233 contra
819 2159 992 2220 immorta-
1067 2149 1112 2201 51·

55 2255 185 2324 litatem
206 2252 358 2315 differuit.
399 2254 427 2314 Is
450 2253 542 2341 enim
563 2265 626 2314 tres
650 2252 750 2335 libros
775 2253 891 2337 scripsit
918 2258 991 2337 (qui
1081 2328 1099 2345 Ἰ

33 2432 39 2439 Ι
57 2354 204 2417 Lesbiaci
223 2362 391 2425 vocantur,
410 2350 496 2429 quod
517 2351 683 2429 Mytilenis
705 2350 810 2435 sermo
836 2355 990 2435 habetur)
1013 2349 1026 2365 ⁵
1093 2352 1097 2361 '

58 2453 97 2513 ln
120 2451 237 2532 quibus
259 2448 333 2513 vult
355 2444 490 2525 efficere,
506 2445 636 2510 animo‘s
656 2446 716 2510 elle
733 2453 937 2514 mortales.

146 2549 286 2632 Magnus
309 2546 495 2609 Dicaearchi
512 2544 597 2607 liber
615 2544 675 2621 est,
697 2548 818 2611 nescire
836 2570 890 2627 ea,
911 2572 992 2637 quae
1004 2555 1078 2613 Div
1081 2556 1153 2622 251·

58 2652 198 2706 ventura
213 2646 291 2719 lint,
310 2644 431 2706 melius
450 2642 529 2718 elle,
551 2632 651 2722 quam
673 2642 759 2706 [cire.
803 2647 931 2708 Idem
909 2665 989 2711 cete·
1002 2659 1078 2712 Dis.
1093 2663 1153 2723 r,5

58 2764 96 2806 ra
110 2744 318 2809 divinationis
333 2761 450 2826 genera
468 2737 607 2815 initulis,
629 2740 836 2807 somniorum
857 2758 889 2803 et
904 2747 990 2806 iuro-

31 2842 104 2907 ,1ls
125 2841 264 2929 reliquit.
285 2872 328 2886 -
356 2841 472 2900 Movet
499 2855 555 2897 me
584 2837 873 2919 Peripateticorum
901 2845 1154 2927 ratio,Div.2,48.

58 2940 222 3000 etveteris
239 2937 425 2998 Dicaearchi
440 2947 468 2996 er
490 2932 577 3010 ejus,
598 2937 656 3013 qui
675 2954 767 2997 nunc
787 2937 894 3015 floret,
917 2940 993 3002 Cra.

55 3038 154 3119 cippi,
173 3037 230 3117 qui
248 3033 379 3097 censent
399 3031 459 3094 elle
481 3033 517 3091 in
536 3033 705 3095 mentibus
725 3034 904 3099 hominum
922 3052 995 3101 tan.

59 3153 165 3215 quam
191 3133 362 3195 oraculum
387 3124 543 3211 aliquod,¹
561 3149 602 3191 ex
629 3150 695 3219 quo
720 3133 829 3195 futura
848 3136 993 3216 praesen·
1074 3164 1077 3172 ·

58 3234 163 3307 siant,
184 3230 207 3290 ss
227 3244 283 3290 aut
304 3230 417 3291 furore
438 3227 551 3288 divino
578 3230 729 3291 incitatus
757 3233 904 3312 anianus,
939 3248 996 3299 aut

60 3329 182 3392 somno
201 3328 372 3403 relaxatus,
387 3325 490 3391 solute
509 3341 681 3392 moveatur
702 3349 737 3392 ac
758 3331 868 3393 libere.

128 3427 384 3488 =Dicaearchum
406 3439 491 3486 recte
518 3444 614 3487 amas,
657 3429 857 3489 Luculentus
890 3430 993 3492 homo
1008 3425 1043 3480 sd
1056 3428 1115 3482 Art.
1128 3441 1159 3495 a»

62 3524 120 3601 eii,
136 3536 168 3585 et
182 3526 261 3585 civis
273 3523 360 3583 haud
374 3522 482 3604 paullo
490 3524 615 3584 -rnelior
631 3546 729 3605 quam
741 3526 788 3586 isti
804 3524 904 3586 nostri
918 3526 993 3587 αδι,
1040 3504 1101 3591 ,η’

64 3640 221 3702 καιαρχοι
244 3616 371 3705 (Cursor
392 3638 421 3679 et
443 3621 574 3705 reliqui).
596 3657 637 3670 -
658 3624 756 3685 Nunc
776 3622 903 3704 prorius
932 3628 994 3689 hoc
1008 3629 1049 3686 ib.
1061 3627 1105 3689 16.
1157 3618 1163 3627 ⁵

63 3720 177 3796 flatui,
202 3733 241 3780 ut
261 3721 418 3799 quoniam
436 3732 523 3782 tanta
546 3721 755 3781 controversia
783 3714 825 3781 est
846 3723 995 3786 Dicaear-

64 3820 149 3896 cho,
170 3817 321 3879 familiari
338 3829 414 3893 tuo,
436 3836 516 3878 cmn
533 3818 758 3899 Theophrasto,
781 3821 886 3881 amico
904 3843 995 3901 meo,

62 3928 105 3981 ut
131 3914 186 4038 ille
213 3928 292 3985 tuus
319 3932 374 3981 τον
405 3934 584 3997 πρακτικον
612 3919 688 3997 fisos
714 3917 810 4000 longe
837 3922 997 3987 omnibus
1084 3948 1088 3969 ·
1145 3898 1149 3911 ⁸

551 4015 578 4081 Ρ
598 4027 620 4099 5
904 4031 995 4089 ante
