2476 4576
255 227 332 358 ἰιι
376 272 482 338 διιοιι
495 273 543 345 ΙΙ.
554 274 591 341 C.
606 290 638 357 5.
653 260 708 338 bs
718 236 1143 371 Ιξιιιιι,Θιιιιιιιὸιιετιίιἲ

153 471 159 494 ι
253 512 256 517 ,
303 448 376 525 scit,
390 463 422 510 et
435 469 492 530 per
508 448 705 533 septuaginta
716 450 803 522 viros,
816 451 979 531 Hebraeos
992 493 1003 526 ,
1017 454 1077 540 qui
1094 455 1187 516 etiarn
1203 473 1206 479 ·

207 610 209 622 ,
284 626 288 634 Ι
304 548 459 609 Graecam
472 547 620 629 linguam
641 563 809 636 noverant,
824 551 1082 631 interpretandas
1102 571 1188 613 cura·

168 687 171 695 ι
243 685 254 706 κ.
304 649 367 722 vit,
383 634 462 709 anni
482 646 586 710 ferme
606 649 812 726 reperiuntur
828 649 891 709 LX.
933 647 1187 732 Quapropterin

252 731 253 739 ¹
303 745 358 809 illa
372 743 630 842 peregrinatione
651 742 799 811 snaPlato
812 763 874 804 nec
887 745 1094 806 Hieremiam
1104 731 1186 807 vide·

212 879 215 890 ι
302 850 338 903 're
364 842 493 920 potuit,
528 838 615 906 tanto
644 855 718 901 ante
740 842 957 918 dehinctnm,
977 862 1050 904 nec
1049 844 1187 906 easdem

305 937 474 1019 scripturas
496 939 610 1020 legere,
624 960 703 1020 quae
724 940 878 1016 noptlum
899 941 1029 1002 fuerant
1044 942 1215 1021 ἰιιιῖιιιιι,Ι

304 1057 378 1097 cam
404 1037 552 1119 linguam
579 1024 764 1121 translatae,
780 1058 842 1116 qua
871 1038 926 1098 ille
947 1039 1107 1118 pollebat:
1133 1039 1213 1121 nit,

303 1135 407 1208 sorte,
420 1136 493 1216 quia
513 1134 577 1193 suit
600 1137 750 1205 acerrimi
776 1135 914 1217 studii,
907 1135 987 1196 sicut
1007 1139 1185 1241 Aegyptias,

302 1233 351 1293 ita
370 1246 401 1293 et
421 1231 490 1291 illas
512 1252 569 1310 per
590 1235 801 1331 interpretem
822 1233 944 1331 didicit,
964 1252 1034 1294 non
1054 1249 1095 1295 ut
1103 1229 1185 1315 scri·

303 1330 409 1409 hendo
430 1332 631 1402 trartstfferret
626 1332 736 1415 quod
757 1310 965 1417 Ptolemaeus
984 1352 1044 1411 pro
1066 1332 1186 1417 ingenti

303 1419 469 1499 beneficio,
485 1434 541 1507 qut
556 1448 610 1508 reg
612 1432 640 1487 ia
655 1427 815 1519 potestate
821 1427 918 1508 etiarn
933 1431 1044 1504 tirheri
1058 1442 1185 1516 poterat,

256 1525 452 1616 meruisse
467 1526 667 1604 perhibetur
671 1523 722 1583 sed
736 1540 774 1584 ιιι
789 1526 1101 1606 colloquendo,quid
1113 1546 1185 1588 con·
1219 1582 1222 1589 .

302 1626 456 1699 sinerent,
471 1635 632 1711 qttantnnt
654 1640 764 1699 capere
786 1622 950 1707 potuisset,
966 1623 1149 1698 addisceret.

327 1722 429 1789 idem
449 1721 523 1814 osio
559 1719 624 1785 loco
657 1717 694 1778 cle
720 1710 976 1825 pltilosophiaP
976 1721 1091 1789 saronis
1119 1702 1184 1785 haee

202 1818 346 1912 scrib
337 1837 370 1887 rr,
418 1874 420 1881 ⁴
1192 1807 1196 1819 ²

94 1922 247 1990 civitDei
303 1922 430 1985 Inter
443 1917 611 1998 discipulos
625 1917 759 1979 Socratis
776 1935 845 1977 non
866 1916 1028 1996 quidem
1019 1912 1201 1981 rmr'nerito·

93 1995 165 2056 1·3
180 2015 204 2051 ⁰
215 2003 245 2064 4
270 2019 391 2081 .elxce
379 2015 561 2079 llentissrnra
577 2017 676 2098 gloria
690 2017 814 2089 claruit,
829 2017 886 2094 qui
907 2017 1052 2075 omnino
1070 2012 1184 2077 ceteros
1209 2066 1223 2097 ι,

128 2152 131 2163 ,
213 2182 215 2189 ,
303 2115 501 2186 obscuraret,
522 2113 620 2173 Plato
664 2113 730 2196 Qut
753 2132 860 2191 quum
879 2112 953 2173 esset
970 2113 1185 2185 Atheniensis,

209 2234 214 2242 ’
301 2213 435 2277 honesto
449 2211 533 2291 apud
548 2209 620 2268 suos
638 2209 708 2269 loco
725 2224 832 2283 natus,
850 2224 882 2270 et
899 2212 1058 2292 ingenio
1046 2210 1184 2273 mirabili

300 2315 397 2394 longe
412 2308 485 2368 suos
507 2304 741 2386 condiscipulos
762 2309 916 2382 anteiret,
936 2327 1056 2387 parum
1066 2309 1185 2397 'tamen

198 2458 211 2496 „x
302 2406 636 2493 putansperficiendae
649 2403 865 2486 philosophiae
878 2403 1021 2467 sufficere
1034 2404 1067 2467 se
1080 2388 1185 2488 ipsum
1201 2486 1204 2495 ἱ

301 2529 337 2570 sc
359 2506 552 2569 Socraticam
574 2501 793 2582 disciplinam,
816 2524 915 2584 quam
935 2504 1033 2587 longe
1059 2505 1184 2586 lateque
1215 2518 1217 2525 '

245 2585 250 2598 ⁸
299 2607 418 2690 potnit,
430 2601 648 2682 peregrinatus
672 2598 731 2671 est,
747 2601 1004 2683 quaquaversum
1026 2622 1109 2669 eum
1131 2601 1184 2672 ali·
1221 2596 1224 2601 ’

298 2708 394 2781 cujus
414 2694 598 2761 nobilitatae
625 2692 1010 2779 scientiae‘percipiend'ae
1030 2692 1118 2761 fama
1138 2719 1183 2759 ra·

299 2805 414 2889 piebat.
434 2803 542 2876 ltaque
564 2809 595 2855 et
615 2796 650 2853 in
671 2793 817 2875 Aegypto
839 2795 961 2871 didicit,
973 2808 1183 2878 quaecunque

203 2960 206 2967 ,
297 2905 364 2964 illic
378 2884 495 2978 magna
508 2894 709 2954 habebantur
724 2907 819 2971 atque
833 2893 1042 2973 docebantur,
1058 2908 1091 2955 et
1110 2895 1182 2955 inde

294 3004 331 3062 in
351 3017 402 3057 eas
417 2994 526 3058 ltaliae=
539 2978 643 3070 part'es
663 2991 818 3065 veniens,
837 2994 894 3053 ubi
908 2994 1183 3075 Pythagoreorum
1214 3000 1218 3012 '

297 3094 385 3160 sama
404 3090 631 3161 celebrabatur,
644 3087 801 3168 quidquid
822 3090 948 3153 Italicae
963 3082 1183 3174 philosophiae

270 3184 378 3257 tun'c
390 3188 531 3260 florebat,
545 3185 659 3248 auditis
676 3187 971 3248 eminentioribus
964 3210 999 3249 ιιι
1016 3208 1052 3250 ea
1075 3191 1182 3251 docto·

232 3293 233 3297 ’
297 3298 413 3365 ribus,
436 3286 588 3347 facillime
610 3302 707 3363 comp
726 3284 867 3345 ehentlit
910 3287 952 3347 Et
979 3288 1054 3369 quia
1083 3287 1182 3370 magi·

292 3393 397 3455 strum
421 3388 585 3448 Socratem
610 3304 811 3463 singusarit'er
839 3383 1006 3465 diligebat,
1033 3403 1116 3447 eum
1136 3385 1216 3448 lo·

297 3501 455 3572 quentem
469 3483 557 3542 fere
549 3501 585 3541 m
594 3481 750 3543 omnibus
764 3479 968 3542 sermonibus
981 3480 1043 3542 suis
1053 3482 1184 3557 faciens,

194 3570 197 3581 „
297 3591 398 3650 etiam
420 3582 493 3657 illa,
515 3597 595 3658 qnae
617 3578 669 3638 vel
690 3580 729 3640 ab
749 3580 818 3639 aliis
840 3580 1007 3654 didicerat,
1027 3581 1081 3642 vel
1106 3578 1184 3660 ipse,
1226 3626 1228 3647 ,

298 3697 416 3766 quanta
435 3692 582 3762 potuerat
604 3678 827 3762 intelligentia,
843 3679 975 3752 viderat,
996 3697 1076 3739 cum
1096 3679 1183 3739 illius
1226 3656 1228 3737 4

205 3828 210 3840 ,
296 3785 416 3864 lepore
414 3794 458 3841 et
484 3778 664 3838 moralibus
688 3774 954 3856 disputationibus
982 3778 1228 3861 temperavit.

297 3887 406 3964 ltaque
420 3895 526 3984 quum
538 3875 683 3953 studium
694 3873 886 3958 sapientiae'
878 3893 915 3937 m
927 3874 1053 3946 actione
1069 3889 1101 3937 et
1107 3889 1224 3941 con

1099 3985 1184 4037 tem·
1225 3982 1228 4031 4
