2476 4576
209 281 279 347 166
328 248 1089 370 secr.li.c.3.1nan11„-Gmrc,secrae

213 453 294 516 suit:
317 454 439 517 etduaa
454 466 558 536 partae
572 453 602 512 ei
621 468 731 533 parere
744 450 870 527 voluit,
895 453 981 513 iram
1002 464 1036 515 et
1050 452 1134 536 cupi..

186 620 191 633 ‚
211 552 357 627 ditttem,
379 572 456 633 quaa
470 551 547 612 locis
563 548 700 611 disclusit
707 569 716 622 ;
737 550 821 612 iram
841 552 877 612 in
896 562 1036 634 pectore,
1052 551 1135 636 cupi·
1165 578 1168 587 ·

211 650 347 712 ditatern
362 648 470 711 subter
483 649 666 732 praecordia
681 648 809 711 locavit.

74 742 157 801 rute.
173 757 199 807 ¹·
296 751 399 811 Habet
413 748 544 809 animoa
560 747 707 809 bominis
720 743 936 817 memoriam,
957 756 992 808 et
1005 764 1080 809 eam
1092 747 1135 807 in·

1 895 3 902 ,
114 825 162 891 ²4·
212 848 465 915 finitarnrertuu
483 844 790 915 innumerabilium,
805 860 904 925 quam
925 841 1063 923 quidem
1074 844 1134 919 Ple·
1157 840 1165 849 ’

2 919 17 946 ί
212 958 247 1005 to
263 944 520 1006 recordationem
534 939 594 1002 effe
608 942 680 1003 vult
697 943 781 1002 vitae
797 938 967 1024 superioris
975 958 986 1013 3
1007 958 1089 1005 mm
1105 943 1151 1009 in,
1167 956 1171 965 ·

212 1042 270 1103 illo
292 1043 392 1114 libro,
411 1041 467 1123 qui
483 1037 668 1103 inscribitur
688 1040 829 1114 Menon,
849 1037 1136 1119 pusionem'quen·

208 1140 291 1201 ‘darn
305 1140 446 1201 Socrates
460 1138 637 1223 interrogat
655 1136 814 1218 quaedam
832 1138 1036 1218 geometricai
1045 1136 1137 1199 dedi·

213 1238 382 1299 mensione
396 1235 558 1316 quadrati3
580 1238 619 1297 ad
631 1256 667 1298 ea
680 1235 720 1296 src
737 1234 790 1296 ille
805 1231 1034 1314 respondetur
1044 1252 1137 1319 puer:
1166 1294 1169 1309 ,

214 1349 249 1395 et
268 1348 381 1395 tamen
400 1336 442 1394 ita
461 1333 567 1395 sacisea
580 1332 846 1415 interrogationes
866 1328 960 1404 sunt,
977 1336 1019 1394 tit
1037 1330 1137 1415 greda-

215 1433 278 1494 tirn
292 1430 487 1512 respondens
502 1432 619 1494 eodem
634 1431 811 1513 perveniat,
832 1447 909 1513 quo,
931 1427 955 1490 li
970 1428 1137 1511 geometri·

206 1532 250 1591 'ca
264 1529 425 1591 didicisset.
453 1531 517 1605 ,Ex
535 1549 599 1610 quo
614 1527 696 1590 essaei
709 1529 783 1590 vult
799 1528 957 1603 Socrates,
975 1538 1017 1588 ut
1027 1524 1141 1589 discere

215 1628 300 1688 nibil
322 1628 408 1689 aliud
431 1627 466 1687 sat
488 1626 548 1719 nist
569 1627 738 1688 recordari.
782 1625 893 1709 Quem
907 1623 1023 1687 locum
1037 1624 1140 1691 malta

216 1724 504 1787 etiam'accuratiue
520 1724 654 1804 explicat
666 1726 704 1785 in
718 1742 757 1785 eo
778 1721 946 1796 sermone,
967 1740 1073 1807 quem
1089 1723 1142 1785 bt·
1179 1774 1182 1785 .

217 1821 290 1883 buit
313 1840 351 1882 eo
377 1822 445 1903 ipso
467 1823 535 1897 die,
559 1842 623 1907 quo
644 1817 771 1884 excessit
792 1840 809 1880 e
831 1821 895 1881 vita
916 1816 1003 1900 (⁶⁴).
1044 1822 1142 1885 Docet

218 1919 312 1979 enim
334 1922 503 2001 quemvis,
523 1922 580 2003 qui
602 1923 760 1982 omnium
780 1936 893 1978 rerum
911 1917 1006 1979 rudia
1024 1916 1142 1981 efferi·
1177 1920 1181 1931 '

217 2014 345 2091 dentur,
373 2020 456 2079 bene
480 2000 689 2102 interroganti
707 2015 958 2098 respondentem
978 2016 1143 2090 decl'erttt,

218 2110 251 2175 se
272 2116 342 2175 no'n
356 2119 496 2179 tum-illa
511 2117 640 2193 discere,
663 2102 967 2176 ted'remtntscendo
989 2130 1143 2197 recogno·

218 2208 320 2273 scere:
342 2227 499 2276 necvero
522 2216 589 2277 sieri
610 2214 679 2274 ullo
699 2212 800 2273 modo
820 2210 922 2292 polle,
945 2222 984 2271 ut
1006 2212 1143 2293 apueria

217 2304 267 2371 tot
288 2330 401 2372 rerum
417 2325 513 2391 atque
534 2324 700 2371 tantarum
718 2309 824 2369 insitas
838 2323 870 2368 et
883 2308 969 2389 quali
981 2310 1144 2393 consigna·

219 2419 265 2467 tae
281 2407 317 2468 in
330 2411 448 2468 animia
462 2411 624 2482 notiones,
637 2428 713 2488 quaa
729 2424 854 2468 erretur
869 2419 996 2482 vocant,
1013 2406 1112 2470 haber
1129 2441 1143 2489 ·..

220 2504 382 2579 1nus,nis1
402 2507 550 2577 animus,
571 2519 746 2584 antequam
767 2506 802 2564 in
826 2522 940 2582 corpus
961 2427 1145 2581 intravissi

98 2608 206 2667 senece.
222 2602 257 2663 in
271 2620 386 2663 rerum
409 2605 593 2686 cognitione
606 2602 760 2687 viguisset.
803 2602 988 2683 Magnoque
1001 2601 1045 2662 esi
1058 2622 1143 2687 argn-

110 2697 132 2787 ⁰j
146 2691 190 2733 ²¹·
220 2714 353 2775 mento,
364 2701 514 2763 homines
536 2699 612 2763 scire
628 2701 778 2781 pleraque
792 2713 866 2760 ante
879 2719 978 2779 quarn
990 2701 1061 2761 nati
1075 2701 1145 2778 sint,

220 2797 309 2877 quod
337 2797 405 2875 jam
426 2802 536 2881 pueri,
557 2818 663 2881 quum
685 2813 767 2861 artes
788 2794 931 2861 difficiles
952 2795 1144 2875 discantur

222 2896 367 2956 celeriter
395 2916 445 2958 res
468 2897 725 2974 innumerabiles
748 2882 915 2977 irripiant,
938 2909 977 2956 ut
1005 2915 1058 2958 eas
1083 2916 1144 2959 nott

220 3006 295 3055 tum
316 2994 466 3077 primum
487 2991 626 3081 accipere
647 2995 833 3070 videantur,
860 2991 913 3057 sed
925 2993 1101 3086 'reminisci
1116 3007 1145 3059 et

219 3091 388 3156 recordari.
1059 3162 1071 3187 k
1104 3176 1134 3241 s·

1126 3198 1146 3254 Ι»

287 3349 357 3405 dura
375 3364 477 3424 portet,
498 3370 570 3427 quae
589 3353 654 3409 sunt
671 3355 765 3427 θνμος
782 3365 811 3407 et
830 3354 984 3422 επιθνμια,
1007 3349 1085 3415 loeis
1109 3364 1147 3429 teg

288 3430 355 3487 me'n
375 3434 516 3488 discretae.
535 3435 598 3491 vid.
617 3436 754 3493 Timaeua
778 3453 874 3507 p.-7o.
898 3433 933 3487 T.
950 3439 977 3493 5.
997 3432 1034 3487 ed
1051 3430 1149 3507 steph.

287 3513 385 3569 Libro
404 3516 454 3569 tx.
475 3516 508 3570 de
528 3519 597 3591 slep.
614 3518 649 3570 T.
666 3533 738 3590 2.·p.
758 3516 827 3576 580.
847 3515 961 3570 scribit:
997 3523 1074 3585 Ψυχη
1093 3512 1150 3578 ἶνας

288 3596 387 3659 {aaron
409 3618 486 3673 τριχη
513 3598 652 3675 depromet·
672 3620 704 3654 το
720 3620 776 3672 μεν,
794 3596 814 3673 ᾧ
831 3600 970 3668 perduret
989 3600 1149 3672 ανθρωπρς·

234 3690 237 3695 ’
289 3701 322 3735 το
339 3679 376 3748 tle,
393 3678 414 3759 qi
429 3684 585 3755 dimetitur·
603 3702 635 3738 to
651 3681 680 3738 dr
696 3702 793 3757 τριτον,
810 3683 1011 3752 internarum
1022 3680 1151 3750 κρκληκα-

289 3760 339 3838 μέν
360 3763 407 3820 δια
426 3756 667 3841 σφοδροτηταῐων
684 3785 713 3820 ae
729 3784 790 3839 περι
814 3754 915 3853 edelar
931 3765 1089 3833 οπιθυμιων
1107 3781 1152 3831 m

291 3868 372 3904 ποσιν
390 3870 436 3905 rut
454 3846 608 3923 αφραόισια,
627 3867 672 3901 και
690 3843 743 3902 ὅσα
762 3847 831 3900 atta
847 3865 953 3907 τουτοις
972 3844 1129 3905 erodendo,

258 3928 328 4000 (64)
346 3928 391 3986 Di
408 3948 455 3996 eu,
473 3933 559 4004 quem
575 3930 608 3983 in
623 3928 771 3983 Phaedone
789 3925 924 4003 exposuit
940 3924 1037 3992 Plet0,
1054 3923 1153 3998 loqui·

213 4016 217 4023 '
294 4026 353 4078 tur,
372 4011 426 4067 ubi
446 4011 521 4070 conf.
538 4031 563 4069 c.
583 4012 618 4073 18
637 4038 670 4054 -·
687 4024 730 4065 22.
