2476 4576
248 307 320 377 ὅσα
369 242 1136 379 Saea.Iuennatumultuosam.

239 480 410 537 'nemeen
423 468 524 527 verbo
540 468 762 555 nominarem
781 468 864 529 hunc
886 468 986 553 igitur
1007 467 1185 542 habemus,
1214 446 1218 460 ’

149 584 153 591 ·
204 555 208 564 “
249 579 287 624 ut
319 565 394 625 deos
414 563 536 624 'beatos
568 579 600 627 et
626 565 828 627 immortales
856 579 1023 646 putemne.
1094 564 1184 647 Quae

249 661 342 721 enlm
360 659 454 721 nobie
466 672 578 726 natura
593 661 865 722 informationem
877 659 1017 722 deorum
1034 659 1183 741 ipsorum
1219 692 1223 701 ·

250 756 348 831 dedit,
364 758 476 818 eadem
497 755 659 837 insculpfit
675 762 709 817 in
728 759 922 831 mentibue‚
945 771 984 818 ut
1003 777 1069 833 eoe¹
1082 770 1183 819 aeter·

250 873 311 914 noe
339 868 372 915 et
400 854 506 915 beatos
538 856 739 916 haberemus.
784 855 882 939 Quod
905 855 928 915 li
952 857 996 916 ita
1018 855 1087 933 est,
1108 876 1182 923 vere

171 948 175 955 ’
250 952 386 1032 expolita
406 952 459 1011 illa
481 949 637 1012 sententia
651 951 701 1036 'est
721 953 761 1013 ab
781 953 1088 1036 Epicuro:‘‚,Quod
1110 954 1183 1015 bea·

208 1076 211 1083 ¹
249 1060 326 1108 tum
346 1061 580 1128 aeternumque
597 1049 644 1122 fit,
659 1051 691 1109 ld
713 1070 774 1109 nec
794 1051 910 1111 habere
930 1049 1044 1130 iplum
1060 1051 1182 1134 negotii

251 1145 428 1225 quidquam
437 1176 450 1219 ,·
472 1165 534 1207 nee
560 1147 712 1207 exhibere
735 1148 846 1208 alterit
869 1149 977 1226 itaque
998 1166 1110 1228 neque
1137 1149 1182 1208 ira

249 1262 366 1322 neque
377 1246 476 1326 gratia
500 1244 622 1317 teneri,
643 1244 748 1322 quod,
772 1261 853 1324 quae
861 1245 947 1304 talia
976 1242 1181 1318 effent‚im.

250 1339 362 1402 becilla
384 1339 483 1403 ellent
503 1341 617 1402 omniu
635 1340 668 1417 (³
671 1342 723 1417 ).“
765 1343 826 1403 Hie
848 1342 1003 1418 remotio,
1025 1343 1181 1441 intelligi

249 1450 304 1499 tur
327 1436 435 1514 nullos
455 1455 472 1496 a
491 1435 612 1517 [operis
633 1437 832 1519 impendere.
844 1449 983 1502 metue·

36 1532 38 1539 ⁴
141 1536 233 1597 eali
333 1533 501 1601 Deforme
516 1534 692 1614 deipartim
706 1548 820 1597 natura
835 1555 896 1598 noe
915 1536 1095 1615 admonet,
1110 1556 1199 1617 peu·

249 1633 314 1692 tim
341 1632 420 1691 ratio
444 1631 561 1702 docet;
584 1649 665 1691 nam
691 1651 709 1692 a
738 1646 853 1695 nutura
878 1633 1039 1694 habemus
1062 1652 1180 1695 omnee

155 1724 163 1745 '
250 1730 406 1791 omnium
426 1728 587 1810 gentium,
599 1727 736 1810 speciem
757 1730 886 1790 nullam
906 1730 1016 1809 aliam,
1035 1733 1099 1791 nili
1119 1733 1180 1791 hu·

249 1846 402 1900 manem,
422 1827 570 1901 deorum.
613 1824 705 1910 Quae
721 1829 813 1888 enim
834 1827 892 1888 alie
909 1826 1018 1888 lotme
1041 1829 1179 1890 occurrit

72 1909 79 1931 ⁸
152 1946 156 1952 ’
247 1943 397 2005 unquam
413 1936 468 1983 tut
485 1923 632 2006 ¹vigilanti
647 1925 800 2003 cuiquam
820 1936 875 1984 aut
894 1923 1100 2002 dormienti?
1117 1925 1178 1987 Sed
1215 1955 1220 1964 ·

212 2003 223 2021 ⁸
247 2025 328 2086 ratio
351 2022 412 2081 hoc
431 2019 522 2081 idem
541 2018 606 2100 ipsa
627 2020 770 2082 declarat.
791 2020 825 2081 Si
848 2023 1003 2082 omnium
1025 2027 1177 2085 animan·

249 2123 337 2184 tium
359 2119 501 2181 formam
527 2119 630 2178 vincit
651 2119 796 2179 hominis
815 2104 932 2198 ligura,
951 2121 1043 2182 Deus
1064 2118 1176 2182 autem

119 2256 123 2271 ι
142 2212 145 2217 ’
250 2223 400 2281 animant
420 2215 485 2288 est:
503 2235 539 2276 ea
556 2216 659 2298 'ligura
678 2217 820 2296 prolecto
842 2210 903 2289 est,
925 2235 1004 2294 quae
1023 2219 1176 2296 pulcerri-

123 2295 127 2305 Δ
249 2338 306 2382 ma
321 2317 357 2376 lit
372 2318 542 2387 omnium:
559 2314 779 2393 quoniamque
802 2298 876 2372 cleos¹
898 2309 1097 2376 beatillimoe
1117 2315 1176 2378 elle
1201 2340 1207 2353 ⁸

246 2414 376 2486 onustat,
389 2413 500 2472 beatus
521 2423 633 2470 eutem
653 2407 712 2489 effe
733 2410 799 2469 fine
814 2396 1051 2470 virtutenemo
1065 2413 1176 2493 potest,
1203 2484 1208 2495 .

250 2531 312 2574 nec
332 2512 434 2569 virtue
455 2508 521 2568 fine
537 2493 660 2566 ratione
678 2505 835 2581 constare,
854 2511 1015 2586 nec-ratio
1035 2529 1176 2590 usquam

250 2606 366 2695 inelle,
382 2605 468 2666 nili
460 2625 497 2666 m
518 2605 663 2665 hominis
686 2586 803 2687 figura3
825 2606 969 2665 hominis
992 2605 1053 2666 effe
1077 2606 1175 2688 specie

102 2720 105 2729 ·
177 2714 181 2727 “
251 2708 328 2768 deoe
349 2702 571 2767 confitendum
589 2700 641 2762 est.
663 2703 730 2762 Nec
750 2716 861 2763 tamen
877 2723 911 2762 ea
927 2701 1045 2784 speeies
1061 2724 1175 2784 corpus

249 2805 313 2881 est,
334 2801 399 2864 [ed-
412 2798 497 2883 quali
522 2802 656 2880 corpus,
677 2818 737 2859 nec
761 2801 855 2861 habet
883 2798 1097 2881 sanguinem,
1125 2802 1175 2864 led

250 2904 335 2987 quali
352 2900 550 2982 sanguinem.
574 2898 659 2956 Haec
684 2910 716 2955 et
740 2899 870 2957 inventa
899 2896 973 2989 lunt
994 2903 1123 2960 acutius
1144 2913 1175 2960 et

177 3016 180 3021 '
233 3000 332 3065 'dicta
347 2997 494 3060 subtilius
516 2995 554 3055 ab
568 2995 717 3072 Epicuro,
731 3014 830 3076 quam
846 3007 884 3053 ut
902 2996 1006 3076 quivis
1028 3012 1064 3058 eu
1082 2995 1175 3078 poffit

249 3119 331 3184 agno
333 3097 423 3159 s.cere
452 3094 608 3174 Epicurus
627 3104 737 3151 autem
757 3092 857 3165 docet,
873 3110 946 3151 eam
969 3091 1029 3157 elle
1049 3097 1121 3157 vim
1144 3108 1175 3155 et
1210 3102 1212 3108 '

247 3213 400 3263 naturum
411 3194 561 3263 deorum,
575 3202 614 3249 ut
624 3190 775 3267 primum
789 3207 857 3248 non
873 3187 976 3263 sensu,
992 3187 1045 3250 s'ed
1062 3207 1174 3255 mente

250 3306 414 3368 nemetum
428 3307 490 3351 nec
510 3286 664 3349 soliditate
686 3288 824 3366 quadam
840 3304 902 3349 nec
922 3279 1174 3366 adnumerum,

1137 3401 1176 3449 ut

278 3641 328 3712 (ὅ)
344 3634 467 3709 Pertinet
484 3629 540 3687 hoe
554 3629 588 3686 ad
603 3628 726 3706 Epicuri
744 3650 839 3706 κυριας
855 3630 941 3698 δυξας,
954 3648 1024 3705 quae
1043 3632 1176 3690 servavit

318 3704 481 3793 Diogeuee
483 3715 577 3771 Laert.
589 3713 699 3777 Harum
713 3715 806 3785 prima
826 3715 863 3767 eli
877 3715 931 3784 (X,
945 3718 1009 3785 139)
1032 3712 1071 3770 Ti
1082 3728 1176 3785 uuna

320 3820 430 3878 quornm
448 3799 595 3893 uodeoteu
612 3813 673 3848 ovas
691 3812 758 3875 aeuo
776 3815 922 3871 acoemeto
947 3814 1006 3862 εχει
1015 3815 1078 3867 eota
1102 3791 1190 3874 uilo

318 3896 441 3955 uuqexu·
459 3877 508 3940 ὡσε
524 3897 584 3941 θυῖε
602 3895 692 3949 wate
715 3895 777 3933 ovea
791 3897 886 3951 χαρισι
904 3892 1056 3944 deuexum.
1073 3896 1101 3932 eu
1121 3896 1175 3933 ue

301 3965 395 4024 θενει
414 3982 467 4039 γαρ
484 3980 540 4019 παν
558 3977 591 4017 te
609 3976 744 4016 uocemue.
807 4004 811 4038 Ι
