2476 4576
309 290 312 295 ’
378 384 381 390 ¹
430 321 478 392 7.=
515 302 677 407 carran,
968 321 1013 377 aa

64 486 74 494 “
103 512 106 519 ¹
126 480 269 565 praemia
284 497 468 560 poenaeque
484 464 706 552 constituuntq
722 477 744 538 sa
760 461 831 559 quia
846 462 901 538 aut
912 479 1016 557 priva·
1073 487 1076 498 ·
1137 470 1145 477 “

97 589 102 596 “
126 591 180 639 tus
196 592 252 639 aut
265 576 405 659 populus
419 596 536 639 eorum
557 576 684 637 decreto
706 593 776 637 non
794 575 887 648 stetit,
906 576 1016 644 sacrist-

85 736 88 740 ,
126 677 185 736 ciis
199 677 407 740 interdicunt.
448 677 535 740 Haec
548 692 649 754 poena
662 673 747 752 apud
760 693 813 734 eos
836 672 879 732 est
899 672 1030 756 gravis--

127 773 218 832 sima.
261 771 416 856 Quibus
406 785 449 831 tta
462 770 505 833 est
518 771 775 845 interdictum,''
755 793 778 830 ιι
797 791 938 833 numero
950 774 1017 831 im-

125 873 261 950 piorum
275 890 310 929 ac
327 866 553 937 sceleratorum
570 868 781 942 habentur,
773 869 811 928 ris
831 887 947 932 omues
961 869 1017 928 de·

87 976 89 983 ’
126 966 257 1041 cedunt,
279 966 418 1033 aditum
426 985 543 1032 eorum
564 965 815 1045 sermonemque
833 957 1059 1052 defugiunt,
1119 985 1122 992 ’

69 1074 72 1093 ’
125 1082 170 1127 ne
205 1064 283 1143 quid
312 1083 352 1124 ex
388 1057 577 1145 contagione
615 1064 820 1124 incommodi
851 1065 1017 1144 accipiant,
1083 1065 1100 1094 ²

73 1205 75 1208 >
124 1177 235 1240 neque
270 1161 310 1221 iis
347 1163 532 1241 petentibus
559 1161 611 1239 jue
636 1160 799 1242 redditur,
824 1181 932 1241 neque
956 1163 1017 1221 ho·

56 1245 93 1332 J
126 1276 189 1318 nos
222 1259 309 1318 ullus
346 1259 618 1318 communicatur.
667 1257 726 1318 His
758 1268 870 1317 autern
905 1259 1016 1327 omni„

124 1355 187 1414 bus
208 1357 384 1434 Druidibue
405 1352 524 1436 praeest
545 1372 642 1427 unua,
665 1337 910 1432 qui‘surnmarn
931 1346 1021 1416 inter·

20 1515 33 1530 ‚
127 1470 182 1518 eoa
202 1453 299 1520 habet
320 1455 554 1537 anctoritatem.
597 1454 668 1519 Hoc
687 1463 820 1519 mortuo
841 1451 954 1532 siquis
976 1472 1016 1514 ex

126 1549 259 1628 reliquia
278 1551 403 1612 excellit
425 1551 596 1633 dignitate,
617 1547 777 1613 succedit:
805 1549 869 1624 At,
898 1549 921 1607 s1
940 1547 1016 1610 sunt
1054 1607 1058 1613 .

121 1646 232 1727 plnres
243 1667 344 1728 parea,
366 1647 517 1732 suffragio
532 1648 700 1708 Druidum
712 1646 870 1728 allegitur.
913 1646 1014 1708 Disci-

123 1743 240 1824 plina'
233 1765 269 1803 m
291 1747 455 1807 Britannia
477 1757 600 1825 reperta
620 1757 720 1824 atquo
731 1745 856 1805 tndem
876 1747 1016 1807 Galliam

115 1842 274 1902 ¹translata
292 1841 351 1902 esse
367 1839 578 1917 existimatur,
600 1854 631 1902 et
642 1862 744 1916 nunc,
760 1862 816 1931 qut
806 1843 1016 1931 diligentius
1048 1845 1093 1883 f

62 1960 64 1964 ’
82 1961 102 1987 κ
123 1958 200 2003 eam
212 1959 286 2005 rem
299 1944 400 2021 cogno
404 1938 486 1998 scere
501 1938 634 2012 volunt,
654 1926 852 2026 plerumque
868 1941 943 2019 illo,
964 1941 1014 1999 di-

122 2035 235 2105 scendi
257 2035 357 2111 causa,
380 2034 632 2116 proficiscuntur

129 2132 311 2194 Druides
341 2153 358 2192 a
388 2133 474 2193 bello
501 2130 602 2193 abesse
630 2131 891 2209 consueverunt,
908 2152 1056 2213 nequeo.
1073 2149 1119 2216 ιιι,

117 2208 240 2292 'tributa
255 2249 321 2295 nna
340 2248 419 2290 curn
439 2230 573 2318 reliquia
586 2229 752 2308 pendunt3
775 2231 910 2292 militiae
924 2250 1015 2292 vaca·

125 2329 256 2394 tionem
264 2327 489 2414 omniumque
501 2343 615 2396 return
628 2327 765 2395 habent
756 2328 1015 2390 immunitatem.

128 2426 241 2486 Tantis
262 2424 389 2493 excitati
398 2424 561 2511 praemiis
583 2437 615 2492 et
636 2422 691 2488 sua
711 2423 822 2517 sponte
852 2411 987 2494 multi
977 2446 1015 2486 m

126 2520 330 2602 disciplinam
348 2523 560 2595 conveniunt,
584 2534 615 2580 et
629 2541 653 2580 a
674 2524 861 2601 parentibus
880 2525 1014 2604 propin

126 2622 264 2699 quisque
278 2620 464 2678 mittuntur.
508 2620 669 2700 Magnum
682 2620 727 2678 ihi
740 2640 924 2689 numerum
935 2641 1014 2694 yar.

125 2716 226 2777 suurn
246 2712 381 2776 ediscere
402 2715 564 2775 dicuntur.
608 2719 717 2794 ltaque
736 2734 837 2776 annos
858 2711 1014 2780 nonnulli

123 2815 260 2882 vicenos
280 2804 320 2874 irs
339 2811 502 2898 disciplina
522 2826 734 2897 permanent,
760 2824 867 2893 neque
888 2814 937 2875 saa
952 2815 1013 2904 esse

125 2911 321 2986 existimant,
334 2930 368 2972 ea
385 2911 499 2971 litteris
513 2910 678 3005 mandare,
705 2930 805 2994 quum
825 2911 860 2969 in
880 2912 1012 3003 reliquia
1111 2921 1113 2925 ’

124 3010 194 3075 sere
212 3010 327 3084 rebua,
346 3008 482 3088 publicis
498 3009 694 3089 privatisque
706 3008 896 3086 rationibus,
916 3008 1013 3083 (ir-ae

124 3109 169 3172 cia
180 3120 332 3206 utantur
338 3106 451 3168 litteris
464 3105 527 3185 (¹).
569 3107 605 3168 ld
618 3109 704 3169 mihi
717 3104 841 3170 duabus
854 3107 895 3170 de
912 3109 1010 3170 causta

571 3203 676 3290 3'5
927 3205 1015 3266 insti·
1099 3219 1103 3232 '
1203 3176 1206 3183 .

116 3361 164 3427 (ι)
181 3357 308 3412 Litteras
322 3356 440 3411 Graecas
455 3350 620 3428 acceperant
638 3375 654 3409 ιι
666 3355 895 3421 Massiliensibus,
908 3327 1032 3420 Graeca

35 3459 49 3469 ·
73 3483 78 3491 .
151 3439 270 3509 colonia
284 3432 413 3493 deducta
422 3457 458 3497 eat
472 3436 572 3491 Ioniae
590 3437 660 3492 urbe
674 3436 810 3497 Phocaea.
834 3437 988 3510 διεριιιι’
979 3456 1014 3493 ιιι

117 3516 120 3525 ’
150 3504 273 3573 historia
291 3517 446 3572 Gallorum
466 3516 631 3575 litterarum
649 3509 822 3574 Graecarum
839 3518 951 3585 mentio
967 3518 1013 3584 sit,

74 3636 81 3643 -
98 3640 102 3645 -
150 3599 233 3673 quod
247 3598 363 3671 duplici
374 3592 476 3660 modu
475 3599 595 3655 antella
575 3600 721 3677 gipotesl,
741 3615 788 3655 aut
800 3599 835 3654 de
850 3598 1012 3654 soliaGraa-

138 3699 252 3759 *catum
263 3679 425 3733 litterarum
439 3680 554 3746 sornaia,
570 3695 620 3736 aut
637 3681 754 3754 deripio
767 3681 941 3735 Graecorum
958 3681 1013 3735 ser

151 3779 263 3840 mone.
283 3760 501 3814 Posteriorem'
485 3758 763 3836 interpretationem
781 3776 809 3813 at
826 3759 875 3814 hie
893 3777 921 3814 et
939 3762 1013 3817 alibi

152 3836 210 3896 1
190 3861 203 3895 ι
208 3853 261 3912 ,29
282 3838 466 3915 amplectitur
486 3842 669 3915 nuperrimua
682 3841 807 3897 Caesario·
819 3841 930 3909 editor,
940 3843 1013 3900 Μο

152 3941 210 4035 rapa,
226 3941 346 4004 eamque
366 3923 542 4038 ingeniose
527 3922 665 3979 defendit
700 3924 838 3979 Priorem
840 3934 937 4048 tamen
948 3924 1015 3998 plu

530 4027 536 4044 ·
679 4034 683 4041 ·
772 4020 775 4029 ·
929 4016 1016 4062 'rea
