2476 4576
227 305 302 377 2⁰4
348 293 453 361 Secu.
465 294 513 361 11.
524 294 603 378 G.5.
618 289 1107 367 nuPnnAEaaacsncmn,
1168 328 1178 349 .

227 471 372 533 nmninis
388 472 580 556 dignitatem
598 467 745 542 videtur,
771 486 876 548 quum
892 486 909 527 a
926 485 963 526 re
978 466 1046 548 ipsa
1060 464 1157 528 descl-

227 568 335 644 sceret,
354 571 494 629 retinere
508 566 650 628 voluisse.
692 566 786 650 Quod
801 579 891 626 erant
905 568 961 644 qui
973 565 1077 624 illum
1090 566 1158 649 glo,

226 668 291 726 riae
310 664 400 727 causa
422 664 525 725 secisse
545 667 706 725 dicerent.
736 661 864 743 sperasse
887 663 998 736 enim,
1030 661 1105 726 tore
1120 674 1157 722 ut
1177 684 1183 701 ι

66 756 116 815 ΛΟ·
128 761 247 831 2,43‘'
226 785 250 822 ιι
258 766 343 842 ,qui
365 762 395 823 se
419 761 636 842 sequerentur,
658 761 823 820 Antiochii
845 772 1050 821 vocarentur.
1091 758 1156 841 lple

171 861 361 947 quidem
383 859 564 920 Antiochus
587 856 802 939 appellabatur
827 856 1063 930 Academicum
1094 870 1156 918 erat

225 970 348 1030 autem,
362 956 385 1019 li
397 976 551 1039 perpauca
575 949 766 1043 assuevisset,
788 950 1056 1037 germanissimus
1074 956 1156 1016 Stoi·

217 1042 283 1115 ¹cus
299 1056 339 1131 ⁴¹).
381 1045 882 1131 Dissentitdffdneuquihnsdsm
874 1073 909 1111 m
931 1054 1029 1113 rebus
1050 1053 1157 1131 abste,

226 1169 308 1231 quos
329 1164 433 1225 amat,
458 1149 582 1212 Stoicis.
624 1151 730 1211 Placet
749 1150 877 1224 Stoicis,
898 1152 1015 1213 omnia
1030 1164 1157 1231 peccata
1172 1134 1192 1185 ‘¹

226 1247 288 1309 esse
304 1249 408 1329 paria3
430 1262 461 1308 at
480 1249 541 1310 hoc
564 1249 728 1309 Antiocho
749 1244 1032 1309 vehementissime
1053 1247 1156 1329 displi-

118 1412 124 1429 ,
227 1358 287 1405 cet.
328 1344 390 1406 Sed
409 1365 481 1406 ecce
502 1347 609 1406 multo
628 1345 733 1421 major
752 1347 850 1404 etiam
872 1336 1026 1406 dissentio.
1071 1346 1154 1405 Zeno

152 1427 156 1434 ¹
227 1445 264 1519 in
280 1461 345 1503 una
358 1445 477 1504 virtute
497 1443 632 1522 positam
652 1444 780 1513 beatam
799 1446 901 1503 vitam
924 1454 1025 1524 putat.
1071 1442 1155 1529 thd

227 1541 436 1605 Antiochus?
456 1541 576 1613 Etiam,
590 1540 709 1617 inquit,
731 1542 870 1615 beatam,
892 1537 943 1607 sed
963 1539 1152 1603 nonbeah‘s·

227 1641 353 1702 simam.
396 1637 560 1711 Deusille,
586 1639 642 1714 qui
656 1636 745 1709 nihil
762 1637 884 1697 censuit
906 1637 1007 1699 deesse
1026 1639 1153 1703 virtuti:

228 1737 411 1797 homuncio
426 1734 490 1807 hic,
505 1737 560 1813 qui
573 1733 678 1792 multa
689 1747 780 1813 putat
792 1749 914 1815 praeter
922 1738 1084 1798 virtutem
1098 1737 1153 1799 hos
1183 1792 1186 1797 .

230 1822 317 1895 mini
328 1824 448 1915 partim
462 1851 530 1892 cara
550 1828 628 1904 else,
657 1832 777 1912 partim
796 1833 895 1893 etiam
912 1830 1101 1915 necessaria,
1124 1844 1152 1911 et

117 1936 161 1994 ib.
172 1936 353 2012 ait-praeter
373 1927 573 1990 honestatem
595 1929 700 1990 multa
712 1930 816 2007 hona,
835 1912 963 2012 praeter
980 1930 1148 2015 tuipitodis

225 2044 308 2097 nem
319 2027 424 2087 multa
441 2027 534 2091 mata.

104 2129 147 2195 ib.
159 2128 205 2188 35.
310 2124 447 2207 Opinati
459 2140 490 2186 et
504 2127 712 2204 Peripatetici,
733 2137 868 2188 etvetus
882 2124 1064 2195 Academia
1079 2126 1148 2189 con·

217 2223 339 2287 'cedite
352 2235 448 2306 negat
460 2223 661 2284 Antiochus
683 2225 741 2304 qui
762 2243 819 2283 ure
836 2223 928 2283 valde
949 2238 1083 2299 movet,
1102 2222 1148 2285 vel

228 2321 316 2403 quod
329 2340 436 2381 amavi
426 2320 630 2396 hominem,
643 2322 722 2383 ficut
734 2321 789 2381 ille
802 2340 875 2395 me,
894 2322 947 2381 vel
959 2322 1048 2415 quod
1060 2322 1157 2383 illum'

226 2420 335 2501 judico
356 2411 584 2497 politissimum
611 2432 642 2479 et
663 2414 886 2481 acutiffimum
912 2421 1072 2481 omnium
1097 2437 1150 2482 no·

228 2516 308 2577 strae
329 2515 508 2575 memoriae
534 2514 813 2597 philosophorum.
855 2516 888 2578 A
916 2536 981 2598 quo
1005 2520 1150 2600 primunt

229 2632 360 2694 qenem,
381 2631 445 2694 quo
463 2612 597 2671 tandem
620 2615 719 2673 modo
747 2615 783 2675 srt
810 2616 926 2675 veteris
955 2608 1153 2693 Academiae,
1184 2654 1188 2661 ·

229 2708 322 2788 cujus
341 2709 400 2769 esse
423 2707 453 2768 se
481 2709 690 2789 profiteatur?
717 2712 760 2771 Ut
789 2712 941 2773 omittam
958 2698 1047 2789 ‘aliae
1082 2714 1153 2773 haee

225 2809 306 2883 duo,
327 2805 498 2886 dequibus
512 2807 625 2887 agitur,
643 2792 713 2888 quis
726 2828 873 2888 unquam
897 2808 981 2868 dixit·
1002 2808 1059 2870 au't
1071 2823 1154 2875 veter

228 2909 272 2968 ris
294 2905 488 2968 Academiae
508 2917 564 2963 aut
584 2903 897 2984 Peripateticorum?
923 2902 976 2979 hel
994 2906 1028 2965 id
1049 2905 1154 2967 solum

121 3044 124 3049 ·
228 3004 348 3086 percipi
362 2992 465 3082 posse,
488 3001 574 3080 quod
589 2999 662 3061 esset
679 3020 798 3062 verum
820 3003 899 3076 tale,
929 3002 1023 3081 quale
1040 2988 1156 3078 salsum

229 3100 372 3162 essenon
390 3097 504 3180 possets
526 3099 580 3160 vel
601 3097 777 3179 sapientem
794 3100 877 3158 nihil
898 3098 1045 3186 opinaris
1077 3114 1157 3163 certe
1190 3151 1194 3160 .

71 3217 74 3223 “
170 3238 173 3243 -
229 3202 341 3260 nemo.
382 3198 515 3259 Horum
528 3212 686 3259 neutrum
699 3199 948 3267 anteZenonem
962 3216 1158 3308 magnopere

231 3293 403 3357 defensum
420 3293 473 3355 est.

127 3388 168 3451 lb
191 3394 243 3458 4·
315 3389 460 3451 Lucullus
499 3393 656 3476 loquitari:
699 3389 816 3475 Quum
854 3391 1070 3454 Alexandriae
1102 3412 1161 3475 pro

232 3489 393 3570 quaestore
406 3488 515 3565 cismo,
530 3491 594 3550 suit
608 3489 788 3549 Antiochus
804 3509 951 3566 mecum,
966 3504 998 3551 et
1014 3503 1082 3552 erat
1094 3490 1162 3568 jam

17 3650 20 3657 ,
115 3632 123 3641 .
230 3601 324 3656 antea
343 3586 556 3693 Alexandriae
584 3586 751 3653 familiaris
774 3586 930 3650 Antiochi
954 3589 1162 3705 Ηιιιιιοιιιιιι

244 3868 390 3953 'ql-'linc
408 3880 509 3935 Sextus
527 3836 610 3967 Emp.
624 3876 734 3956 Pyrrh.
758 3885 795 3937 H.
816 3900 840 3936 ι.
859 3880 878 3941 s.
897 3880 961 3940 255·
985 3879 1105 3946 scribite,
1134 3876 1167 3938 0

302 3970 432 4032 Αιιιοχος
448 3982 498 4033 την
515 3981 580 4023 cour
596 3982 744 4037 μετηγαγιι
761 3983 796 4028 εις
812 3983 861 4044 την
878 3960 1051 4035 Acadama
