2476 4576
225 304 293 372 rra
343 293 449 361 Sucr.
460 292 507 358 11.
523 291 560 357 C.
579 309 611 374 5.
628 310 682 356 ou
698 288 953 356 PuruGu'uu'o.
966 289 1126 357 Sucrau.

82 475 124 535 N.
143 477 178 531 A.
281 466 482 552 Legemelie
502 465 594 546 ajunt
622 465 804 548 disciplinae
828 464 1084 540 dialecticae;''fi
1108 463 1146 528 de

72 541 184 618 1·,1⁶22·
222 568 375 650 quapiam
406 585 442 626 re
473 578 641 645 quaeratur
680 563 949 645 disputeturque,'
975 576 1074 644 etque
1103 566 1145 626 ibi

219 666 299 746 quid
319 682 440 746 rogare,
462 677 501 723 ut
516 662 720 743 respondeas:
749 676 825 724 tum
845 660 886 720 ne'
907 662 1052 740 anrpliue
1069 662 1145 741 quid

221 763 332 837 dicas,·
350 779 449 842 quam
471 760 505 820 id
528 759 650 835 solum,
672 758 758 840 quod
788 778 821 821 es
845 753 1066 840 rogatus‚'aut
1086 758 1144 839 ajat

220 872 277 919 aut
302 876 418 940 neges,
447 878 583 939 eamque
602 858 709 940 legem
728 859 785 936 qui
805 875 874 917 non
895 854 1023 917 servent
1042 868 1075 916 et
1093 868 1144 916 eut

219 956 292 1037 plus
313 969 370 1021 aut
397 956 504 1033 aliter,
541 975 640 1036 quam
665 952 740 1013 lunt
765 955 884 1035 rogati,
920 950 1142 1033 respondeant,
1182 980 1188 1025 ·,

219 1051 443 1136 existimantur
464 1055 560 1114 rudes
589 1052 773 1135 indoctique
793 1050 870 1124 elle,
899 1049 1144 1131 disputandique

217 1168 349 1211 rnorem
363 1164 457 1230 atque
479 1151 641 1211 rationem
660 1167 730 1210 non
749 1162 870 1237 tenere.
910 1149 981 1209 Hoc
1001 1148 1142 1229 quidem,
1184 1192 1188 1211 -.

121 1310 125 1317 ,
218 1247 305 1329 quod
334 1246 463 1324 dicunt,
496 1249 532 1307 in
556 1247 716 1328 plerisque
745 1244 1012 1337 disputationibus
1033 1242 1142 1327 p'rout
1184 1250 1188 1273 ¹

217 1343 320 1413 dubio
349 1346 416 1404 fieri
452 1358 586 1425 oportet.
636 1343 824 1406 Indefinitus
845 1362 989 1422 namque
1008 1343 1144 1425 inexqu
1171 1358 1174 1363 ·

218 1440 390 1525 cubilisque
428 1440 532 1504 sermo
569 1444 634 1516 fiet,
662 1442 722 1501 nifi
757 1441 1064 1523 interrogationibus
1096 1460 1141 1525 ra·⁴

219 1537 505 1623 lponfionibueque
539 1539 736 1620 firnplicibus
770 1539 868 1614 fugerit
897 1538 1140 1601 determinatur.

218 1634 280 1696 Sed
320 1638 413 1697 enim
446 1635 519 1698 elle
542 1637 700 1718 quaedam
733 1637 902 1711 videntum,
927 1637 963 1695 in
984 1635 1141 1716 quihueli
1185 1680 1188 1757 1

216 1733 359 1793 breviter
375 1748 409 1794 et
433 1734 529 1808 adid,
551 1733 637 1815 quod
656 1747 783 1817 rogatus
802 1733 922 1811 fueris,
944 1730 1140 1815 respondeas,
1182 1770 1188 1841 l·

219 1830 351 1909 capiare·
395 1831 483 1891 Nam
498 1830 605 1913 siquis
626 1829 677 1890 his
697 1831 804 1892 verbio
827 1828 1019 1914 interroget:
1040 1830 1141 1913 pollu-
1156 1846 1160 1851 '

215 1925 260 1992 lo,
282 1927 333 1985 uti
360 1926 567 2009 respondea5‚
597 1927 750 2011 desierisne
762 1925 870 2017 secere
898 1928 1085 1989 adulterium
1105 1952 1141 1989 aa
1185 1912 1188 1939 ³

218 2022 303 2082 uon?
324 2036 571 2107 utrumcunque
586 2027 754 2087 dialectica
776 2028 845 2110 lege
858 2026 1070 2108 respondedo,
1085 2028 1145 2088 liro·
1182 2052 1185 2057 ·

216 2119 292 2199 ajar,
314 2121 379 2185 five
396 2141 502 2206 neges,
523 2124 668 2184 haerebis
688 2125 725 2183 in
746 2127 909 2206 captione,
938 2124 1098 2206 tanquam
1121 2122 1142 2183 li

183 2290 186 2295 Ι
214 2230 249 2277 te
261 2217 353 2290 dicae:
366 2219 559 2282 adulterum.
594 2220 655 2280 Sed
669 2223 879 2302 quodminus
895 2221 939 2283 est
957 2224 994 2282 in
1003 2218 1144 2293 {intend

215 2315 425 2396 gatione'mid
446 2313 490 2377 est
509 2315 704 2378 addendum.
747 2319 833 2379 Nam
863 2323 919 2402 qui
942 2318 1052 2382 facere
1078 2318 1141 2381 'non

100 2466 104 2475 ,
216 2410 350 2483 definit,
372 2411 682 2474 nonidnecellario
707 2415 804 2475 etiarn
828 2418 918 2492 leoit3
947 2415 1022 2478 falla
1049 2418 1143 2503 igitur-

184 2500 187 2505 ’
216 2505 261 2567 est
283 2505 399 2587 species
418 2506 506 2572 iltius
529 2513 699 2599 captionis:
721 2527 752 2573 et
772 2500 981 2597 nequaquam
994 2518 1142 2596 procede·
1164 2538 1168 2549 ·

170 2656 175 2663 .
215 2605 311 2665 read
333 2605 367 2664 id
384 2605 495 2686 potest,
515 2621 554 2669 ut
572 2610 678 2692 colligi
698 2612 910 2692 concludique
931 2608 1047 2693 possit,
1068 2634 1143 2676 eum

215 2696 319 2763 facere
340 2703 560 2788 adulterium,
582 2706 689 2789 quise
710 2714 875 2792 negaverit
903 2711 1005 2772 licere
1031 2710 1142 2774 deside.

218 2799 308 2883 Quid
329 2803 544 2889 eutemglegie
562 2804 649 2867 istius
670 2810 977 2890 propugnatores-in
997 2810 1061 2872 illa·
1074 2820 1143 2893 cap'·

217 2899 364 2977 tiuncula
385 2898 524 2974 facient,
543 2902 579 2960 in
601 2923 663 2982 qua
684 2904 813 2964 haerere
833 2912 886 2965 ebe
908 2906 1075 2969 bucellum
1094 2907 1142 2984 eli,

217 2996 240 3055 fi
261 2997 343 3057 nlhil
367 2999 521 3077 amplius,
542 3019 643 3080 quam
662 3002 761 3082 quod.
770 3003 955 3086 interrogati
969 3020 1142 3085 eruut-‚ue-

101 3104 104 3109 '
150 3112 154 3123 ’
218 3095 431 3176 lponrlerintl
466 3095 553 3159 Nam
579 3095 602 3155 fi
626 3099 669 3158 ita
695 3118 762 3182 ego·
776 3099 912 3161 istorum
935 3096 1080 3185 aliquem
1094 3090 1143 3165 ro·

10 3188 14 3195 ’
113 3205 143 3221 ·“
218 3213 312 3276 gem:
338 3191 493 3277 Quidquid
515 3216 575 3252 nou
594 3194 928 3280 perdidifir’,:‘ba,berrsue
944 3225 991 3261 un
1010 3225 1072 3263 nou
1092 3203 1143 3263 lra-

219 3290 313 3350 lreas?
340 3289 464 3371 postulo
494 3305 531 3349 ut
561 3291 638 3370 ajaa,
668 3308 724 3355 aut
750 3315 862 3380 neges:
899 3312 1145 3383 utrumcunque

217 3387 587 3468 breviterrelpouderit,
607 3393 756 3472 capietur.
799 3395 885 3457 Nam
902 3398 936 3472 su
956 3417 1027 3467 uon
1046 3399 1144 3462 habe·

217 3507 253 3548 re
274 3487 323 3561 le,
349 3482 633 3570 nega-verit,.q1md
667 3511 735 3552 non
770 3494 924 3581 perdidit;
947 3489 1146 3581 colligetur,

217 3585 326 3647 oculos
348 3605 428 3645 eum
446 3603 515 3644 non
533 3585 676 3664 habere,
699 3609 778 3670 quos
798 3611 868 3653 non
897 3593 1043 3674 perdidit.
1080 3598 1154 3660 'Siuz

217 3700 294 3743 uero
314 3683 431 3780 habere
453 3682 483 3743 le
506 3684 636 3751 dixerit:
665 3688 832 3771 colligetur
859 3714 925 3750 eum
946 3690 1055 3753 habere
1080 3716 1146 3759 cor·

217 3802 289 3850 nure,
313 3803 388 3863 quae
407 3804 466 3842 uere
487 3784 631 3866 perdidit.
672 3789 804 3849 Rectius
833 3791 932 3873 igliur
953 3788 1147 3872 cautiusque

216 3877 261 3937 ita
295 3877 559 3972 respondebitur:
607 3875 762 3971 quidquid
797 3888 916 3979 habui,
963 3888 997 3951 id
1027 3889 1147 3967 babeo,

998 4078 1013 4107 q
1077 4073 1085 4087 .
