2476 4576
490 300 635 411 r&causo
713 300 751 314 ··
954 314 1041 391 Μ
1084 303 1089 317 ,

170 425 174 429 ’
272 429 275 453 Ι

65 510 68 514 ι
103 471 302 539 auctoritatis
317 470 570 556 indisputsndo,
594 489 693 556 quarn
711 472 843 542 radonis
858 473 1031 541 momenta

102 557 285 638 quaerenda
310 557 394 622 sunt.
437 557 505 640 Qui
520 558 634 631 autem
661 534 840 630 irrirsnhr,
866 577 927 616 nos
947 559 1031 618 hans

68 704 72 715 ,
100 638 309 719 potissimum
328 640 529 713 disciplinatu
556 642 697 715 secutos,
719 640 925 722 hiatquatuor
946 636 1031 702 Aca.

73 725 237 785 'dornicis
250 722 339 785 libris
361 726 431 794 satis
450 725 638 806 responsum
654 726 796 786 videtur.¹
835 727 972 792 Erthaec
994 729 1031 791 in
1114 791 1117 806 ,

100 808 300 895 philosophia
316 812 395 869 ratio
410 814 644 875 contra-omnia
657 810 825 870 disserendi
839 810 1033 895 nullamque

77 966 80 971 p
100 912 173 957 reni
187 908 293 977 aperte
308 893 480 973 judicandi,
494 910 597 974 usque
611 896 650 957 ad
664 894 805 957 nostram
821 895 926 973 viguit
948 909 1031 962 aetae¹
1097 955 1098 959 ,

100 991 189 1050 ten13
215 998 314 1062 quarn
334 998 424 1040 nunc
441 979 682 1061 propemodum
698 978 889 1051 orbamesse
907 981 942 1037 in
964 978 1031 1058 ipsa
1127 1013 1131 1019 ·

101 1061 232 1127 Graecia
254 1063 408 1144 intelligo.
453 1064 547 1151 Quod
569 1083 639 1123 non
661 1065 854 1127 Academiae
875 1064 963 1121 vitio·
977 1063 1032 1132 sed

99 1147 245 1208 tarditate
264 1148 442 1212 bantinum
456 1149 592 1215 arbitror
608 1147 781 1229 contigisse.
823 1147 947 1207 Namss
969 1148 1031 1207 sin-

101 1231 192 1311 gulae
221 1231 400 1316 disciplinas
420 1235 595 1312 'percipere
626 1250 787 1313 stangnum
816 1230 877 1304 est,
909 1245 1032 1315 quanto

98 1313 208 1389 majus
225 1320 364 1384 oscines?
384 1316 470 1394 quod
492 1316 593 1376 facere
611 1317 654 1375 iis
677 1315 798 1378 necesse
818 1314 878 1388 est,
914 1318 1033 1394 quibos

101 1399 301 1479 propositum
315 1400 367 1474 est,
375 1401 445 1465 veri
461 1399 639 1480 reperiendi
649 1400 738 1465 causa
752 1413 784 1460 et
793 1413 901 1460 contra
914 1418 1032 1463 oannes

67 1500 71 1506 ·
101 1482 306 1568 philosophos
322 1499 353 1547 et
366 1503 424 1565 pro
440 1485 595 1545 munibus
613 1485 727 1551 diceret
747 1484 849 1562 Cujus
864 1486 910 1549 rei
925 1497 1052 1544 tantae.

69 1642 73 1647 Α
100 1574 232 1646 tamque
247 1566 383 1632 difficilis
392 1569 577 1634 facultatem
592 1568 805 1633 consecutum
820 1567 880 1629 effe
892 1588 948 1629 me
963 1588 1033 1631 nou

100 1652 268 1734 profiteort
282 1653 444 1721 'secutum
464 1651 524 1715 else
545 1673 620 1734 prae
639 1673 695 1723 me
713 1653 791 1713 sero.
835 1654 902 1720 Nee
921 1648 1035 1715 tarisen

100 1737 169 1819 sieri
184 1736 293 1815 potest,
314 1733 364 1815 ut,
385 1739 441 1816 qui
462 1738 520 1798 hac
547 1739 673 1803 ratione
696 1736 982 1821 philosophentur,
1009 1738 1034 1797 ii

99 1821 190 1879 nihil
206 1821 355 1893 habeant,
376 1823 461 1901 quod
481 1821 665 1900 sequantur.
707 1824 783 1883 Non
806 1824 898 1882 enim
921 1820 1035 1899 sumus

98 1906 135 1978 ii,
159 1905 278 1985 quibus
297 1905 381 1968 nibil
402 1925 522 1970 verum
544 1898 797 1977 else'videatum
825 1905 877 1970 sed
905 1908 946 1980 ii,
977 1907 1034 1985 qui
1058 1936 1066 1957 ·.

99 1990 257 2051 omnibus
275 1991 358 2047 ueris
373 1988 448 2055 falsa
461 1990 619 2068 quaedam
632 1988 781 2064 adjuncta
798 1987 1035 2066 else-dicamus,
1103 2002 1106 2007 ’
1187 2024 1203 2049 ι,

98 2087 191 2139 tanta
201 2072 422 2148 similitudine,
437 2069 477 2132 'ut
489 2074 524 2132 in
537 2074 576 2139 iis
592 2074 682 2137 nulla
696 2075 769 2140 insit
787 2073 1032 2149 certaiudican.

99 2157 134 2218 di
151 2171 183 2217 et
197 2155 383 2220 assentiendi
396 2172 481 2218 nota.
499 2190 543 2203 -
559 2159 904 2237 Tumdemuntmihi
918 2156 1034 2238 procax
1050 2174 1074 2211 e.
1093 2153 1124 2216 6.

98 2241 274 2306 Academia
289 2243 464 2319 videbitur,
481 2243 503 2303 si
518 2246 574 2304 au't
595 2241 812 2309 consenserint
829 2262 959 2315 omnes,
978 2256 1053 2317 aut¹

98 2328 162 2386 erit
176 2329 331 2395 inventus
347 2328 471 2406 aliquis,
487 2331 556 2405 qui,
574 2328 651 2406 quid
665 2346 784 2388 verum
798 2328 846 2403 sit,
861 2327 1033 2389 invenerit.

101 2411 296 2491 Igiturrroe,
319 2414 375 2491 qui
395 2411 561 2490 sequimur
580 2411 775 2493 probabilia,
796 2431 857 2473 nec
878 2399 962 2483 uitia
986 2412 1031 2484 id,
1049 2409 1195 2478 Tuscae.

98 2496 186 2578 quod
211 2496 383 2555 verisimile
411 2496 603 2567 occurrerit,
624 2498 773 2578 progredi
794 2495 975 2575 possumus,
999 2510 1031 2559 et

98 2578 244 2640 refellere
257 2579 322 2641 siue
334 2582 506 2666 pertinacia
528 2593 560 2641 et
581 2580 685 2640 roselli
706 2580 780 2643 line'
793 2582 957 2649 iracundia
974 2600 1032 2671 pa·

98 2665 159 2728 rati
178 2661 302 2731 sasinus.

193 2746 370 2834 Quaerenti
391 2746 487 2818 mihi,
514 2764 656 2826 quanam
685 2765 720 2807 ro
744 2743 867 2825 possem
893 2747 1033 2827 prodesse
1048 2747 1195 2816 Diuus.

99 2832 375 2912 quamplurimis,
387 2832 579 2909 nequando
592 2828 847 2894 intermitteiem
867 2831 1033 2905 consulere

99 2916 301 2995 reipublicae,
320 2916 410 2977 nulla
422 2915 530 2992 tuajor
545 2917 751 2988 occurrebat,
781 2918 884 2993 quam
903 2917 927 2982 ss
947 2921 1031 2996 opti.

102 3019 236 3063 marum
257 3002 385 3076 artium¹
399 3002 466 3059 vias
488 3001 651 3061 traderem
672 3001 756 3059 meis
777 3001 919 3058 civibus:
943 3002 1031 3082 quod

102 3085 325 3165 compluribus
360 3083 427 3159 jam
458 3085 546 3147 libris
569 3102 625 3147 me
653 3085 788 3146 arbitror
813 3082 1033 3148 consecutum.

100 3172 187 3233 Nam
208 3183 238 3228 et
250 3158 406 3229 ’cohortati
422 3167 546 3240 sumus,
562 3180 599 3226 ut
620 3168 766 3231 maxime
788 3171 970 3255 potuimus,
992 3171 1033 3229 ad

102 3252 321 3332 philosophiae
346 3251 490 3316 studium
510 3271 548 3312 eo
575 3251 677 3324 libro,
707 3253 763 3330 qui
791 3252 833 3312 est
859 3253 1032 3335 inscriptae

100 3339 301 3411 Hortenssus,
324 3350 366 3411 et,
387 3336 473 3419 quod
495 3354 598 3419 genus
622 3336 868 3416 philosophandi
888 3341 1032 3401 minime
1115 3344 1117 3349 '

101 3440 250 3503 arrogans
286 3425 496 3503 maximeque
521 3434 564 3478 et·
579 3419 723 3480 constane
745 3435 776 3481 et
799 3422 924 3502 elegans
945 3424 1031 3482 arhi-

102 3521 282 3578 timemur,
318 3522 455 3584 quatuor
477 3505 679 3567 Academicis
703 3506 791 3564 libris
816 3505 1031 3571 ostendimus.

101 3591 283 3675 Quumque
299 3591 555 3665 fundamentum
570 3588 644 3649 ess'et
658 3589 877 3670 philosophiae
889 3591 1039 3670 posituris

101 3679 137 3736 iu
154 3676 272 3734 finibus
286 3676 452 3735 bonorum
466 3674 685 3747 etmalorum,
711 3686 920 3756 perpurgatus
940 3673 983 3734 est
1002 3678 1031 3737 is

102 3761 192 3819 locus
207 3760 330 3819 anobis
352 3762 496 3838 quinque
510 3759 622 3832 libris,
640 3773 695 3834 ut,
717 3760 792 3842 quid
811 3778 827 3817 a
848 3776 977 3837 quoque
998 3772 1032 3821 et

73 3912 78 3923 Ι
102 3841 179 3928 quid
193 3857 302 3906 contra
316 3862 480 3924 quemque
495 3843 726 3925 philosophum
747 3844 916 3916 diceretur,
934 3844 1032 3904 intel.

101 3930 160 4017 ligi
178 3928 288 4013 pollet.
329 3927 484 3992 Totidem
505 3926 664 3991 subsecuti
680 3928 755 3994 libri
773 3925 1039 3992 Tusculanarum-

590 4014 659 4092 X4
853 4077 873 4092 ,,
968 4013 1030 4074 dis·
