2476 4576
1194 242 1201 273 Ι

60 287 66 324 ι
231 268 281 344 88
330 232 1094 350 Sacr,II.C.5.nnP1nc.Gainc.Sncnaa.'
1187 288 1192 299 ·

235 440 362 523 nesciat.
386 442 476 526 Quae
492 463 598 524 quum
613 443 732 505 diceret
746 441 934 519 constanter,
949 447 1030 506 etin
1044 463 1081 507 ea
1094 440 1167 527 serii·

237 543 337 599 tentia
350 555 566 621 permaneret,
579 543 688 602 omnia
704 541 772 621 ejua
786 545 886 615 oratio
903 557 1033 604 tantum
1049 545 1087 603 in
1099 532 1166 605 viii·

237 650 309 697 tute
321 638 478 699 laudanda
492 624 525 700 et'
537 641 574 699 in
594 640 785 699 hominibus
806 641 962 700 omnibus
981 641 1020 702 ad
1036 643 1168 721 virtutis

238 733 382 796 studium
398 738 599 797 cohortandis
615 734 922 812 consiiniebatur,ut
937 757 977 797 ex
991 740 1168 802 Socratico·

238 852 317 895 rum
330 834 421 893 libris
434 835 643 914 maximeque
656 834 799 894 Platonis
815 836 878 912 (²),
899 836 1036 918 intelligi
1056 836 1167 917 potest.

322 930 501 1007 Socratem,
516 932 667 1014 legimus,
682 930 965 1010 quemadmodum
977 937 1099 995 notarit
1109 935 1168 996 Zo·

239 1047 338 1110 pyrus
354 1029 623 1111 phytiognomon‚
649 1031 706 1108 qui
722 1027 752 1088 se
766 1030 976 1108 profitebatur
987 1017 1171 1094 hominurn

36 1166 39 1175 »
141 1138 149 1201 j
225 1146 351 1188 -moree
368 1140 561 1206 naturasque
579 1146 621 1186 eir
635 1122 777 1206 corpore,
799 1128 912 1201 oculis,
933 1129 1041 1203 vultu,
1063 1127 1170 1199 fronte

173 1242 176 1248 ·
242 1216 439 1304 pernoscere.
482 1223 659 1303 stupidum
680 1222 739 1296 elie
757 1224 921 1284 Socratem
938 1227 1033 1300 dixit,
1053 1240 1086 1288 et
1102 1229 1171 1290 bar*

247 1320 342 1410 duni,
357 1321 443 1401 quod
456 1320 567 1403 jugula
581 1339 720 1381 concava
739 1338 816 1381 non·
827 1323 973 1384 haberet:
994 1317 1188 1395 obstructae,

245 1434 424 1502 easgpartea
444 1431 476 1478 et
500 1419 662 1478 obturatas
678 1417 736 1493 eise
757 1417 898 1493 dicebat;
921 1423 1041 1482 addidit
1063 1426 1173 1500 etiam,

226 1516 481 1588 ,mulierosum
500 1517 541 1593 in
558 1516 820 1597 qqulcibiades
841 1521 1040 1589 cachinnum
1057 1522 1175 1585 dicitur

230 1611 405 1682 sustulisse,
436 1624 439 1638 ¹
859 1678 862 1687 .
1177 1604 1185 1613 f

104 1705 233 1776 Tusca,
259 1710 270 1725 ⁸
331 1715 448 1798 Quum
470 1716 576 1777 multa
596 1716 632 1774 in
654 1730 819 1777 conventu
843 1719 920 1780 vitia
943 1717 1115 1801 collegisiet
1133 1721 1174 1782 -iti

80 1880 83 1885 ,
133 1777 179 1849 57'
245 1812 411 1875 Socratem
425 1815 579 1894 Zopyrus,
593 1808 649 1891 qui
662 1811 693 1873 se
705 1799 853 1876 naturam
876 1817 1031 1896 cujusque
1052 1838 1092 1879 ex
1109 1819 1174 1899 sdi-

93 1944 104 1971 ,1
185 1943 206 1984 χ
245 1928 301 1970 ma
315 1909 489 1991 perspicere
503 1910 721 1992 profitebatur,
743 1911 864 1973 derisus
878 1911 954 1999 esta
973 1917 1100 1992 ceteris,
1118 1917 1176 1999 qui

230 2008 300 2070 -illa
314 2011 350 2069 iti
361 2012 488 2072 Socrate
501 2013 579 2071 vitia
593 2028 664 2069 non
679 2011 900 2094 agnoscerent:
922 2013 961 2072 ab
982 2011 1176 2091 ipsoautem

231 2106 375 2172 -Socrate
391 2109 588 2182 sublevatus,
609 2128 717 2191 quum
728 2108 781 2170 illa
794 2109 851 2171 sibi
864 2110 964 2191 insita,
985 2100 1038 2171 sed
1048 2113 1177 2175 ratione

229 2229 264 2271 'a
285 2208 436 2287 se'ejecta
447 2206 584 2269 ¹diceret.
1193 2214 1204 2281 j

76 2291 118 2377 ,3⁰
137 2291 189 2415 fg·
206 2297 235 2359 5,
333 2308 464 2370 Inventi
476 2305 561 2384 sunt,
580 2307 649 2386 qui,
670 2324 776 2385 quum
788 2304 844 2385 ipsi
868 2292 1011 2367 doctrina
1029 2319 1063 2368 et
1086 2308 1179 2392 inge-

72 2448 75 2452 ·
136 2379 182 2481 'J
248 2407 314 2470 niis
329 2405 540 2478 abundarent,
565 2415 757 2465 aretautem
771 2405 857 2463 civili
872 2418 904 2463 et
918 2407 1094 2486 anegotiic‚
1107 2410 1179 2469 aiil·

249 2508 301 2569 iui
316 2503 463 2585 quodam.
480 2501 613 2580 judicio,
635 2503 856 2575 abhorrerent,
878 2502 1011 2563 dicendi·
1024 2508 1179 2567 exercita-
1201 2524 1205 2533 “

229 2606 378 2667 'tionem
403 2602 597 2683 exagitarent
624 2614 719 2680 atque
740 2614 1010 2681 conteiiinerent3
1031 2620 1179 2680 quorum

233 2727 237 2737 ·
249 2701 398 2785 princeps
412 2700 553 2761 Socrates
568 2699 643 2773 suit,
663 2700 710 2773 ia,
722 2700 778 2778 qui
796 2700 959 2758 oninium*
972 2699 1180 2762 eruditorum

246 2784 1190 2881 testimonio‚t0tiucquejudicioGraeciie,quumprudedss'

248 2900 292 2960 tia
305 2912 337 2959 et
349 2898 501 2958 acumine
519 2908 550 2954 et
566 2892 731 2955 venustate
752 2891 991 2981 etsubtilitate,
1009 2884 1087 2954 tuin
1101 2916 1180 2959 vero

234 2996 451 3077 eloquentia,
480 2995 646 3066 varietate,
672 2978 911 3073 copia-‘itonam
937 2991 969 3052 se
986 2980 1125 3074 ,cunque
1143 2994 1182 3055 in

172 3168 175 3177 Α
245 3111 373 3179 partem
391 3089 538 3165 dedisset,
560 3090 716 3151 omnium
737 3089 802 3149 suit
823 3088 915 3149 sacile
934 3089 1095 3170 princeps.
1118 3122 1123 3129 Δ

225 3223 233 3242 ·
333 3194 488 3264 Socrates,
509 3202 615 3270 quum
629 3178 802 3270 rogaretur,
824 3186 966 3263 cujatem
974 3184 1006 3246 se
1019 3185 1080 3248 eise
1092 3186 1181 3251 dice·

176 3293 183 3308 '
209 3285 220 3294 ’
250 3306 308 3367 ret,
326 3288 547 3366 Mundanum,
568 3288 692 3365 inquit:
712 3285 813 3346 totius
839 3286 932 3351 enim
946 3285 1068 3350 mundi
1080 3282 1112 3348 se
1125 3287 1182 3350 in·-

214 3391 216 3394 ⁴
249 3391 356 3457 colam
376 3401 408 3452 et
429 3387 538 3450 civem
557 3383 781 3449 arbitrabatur.
1112 3374 1123 3386 ’
1154 3387 1157 3393 ’

1115 3519 1182 3583 Hic

276 3738 323 3814 (2)
341 3731 476 3804 Davisius
493 3736 648 3814 legendum
666 3737 757 3791 censet
772 3728 981 3807 Xenophontis,
994 3732 1182 3808 quum·tpud

317 3808 467 3879 Piitoiiem
487 3823 615 3875 Socrates
639 3819 760 3890 Physica
778 3824 809 3871 'et
825 3819 933 3871 Musica
951 3832 979 3871 et
996 3815 1185 3873 Geometrice

254 3940 257 3953 ·
317 3907 441 3972 differat,
460 3904 560 3980 qualia
576 3902 745 3974 Xenophon
764 3899 798 3953 ab
816 3916 851 3954 eo
878 3897 1071 3971 tractate-esse
1094 3899 1185 3975 iie'gat
1214 3928 1216 3937 ·

317 3982 457 4058 (Memor.
473 3987 496 4042 l.
514 4000 541 4040 2.
559 4005 583 4041 c.
604 4004 631 4051 i,
652 3987 716 4049 in).
