2476 4576
92 316 96 323 ,
128 247 134 263 “
182 269 254 350 326
326 248 967 336 sacr.111.i>zl³11n.os.Roma.

179 441 306 501 oinium
319 444 380 513 ne'o
400 426 602 519 opinalrrrna
622 442 717 502 nobit
736 441 797 502 effe
815 436 1020 523 susceptum}
1053 444 1112 507 Nol

177 539 290 586 auteur
302 547 363 585 nec
370 523 474 584 subito
484 526 901 606 coepimur'philosopharir
911 548 975 590 nec
987 532 1111 591 medio.

177 614 298 671 brema
317 612 425 690 primo
441 623 590 687 ternpore
606 613 715 671 aetatis
733 613 767 671 in
789 632 827 672 eo
848 612 956 673 studio
980 633 1115 694 operam·

177 714 355 773 curentque
377 691 630 753 consumsiutuar
653 708 702 766 et,
724 716 831 774 quum
853 698 1004 769 minime
1026 700 1110 759 vide-

176 779 312 851 bamur,
335 792 409 836 tum
431 779 575 837 rrraxime
593 774 910 859 philosophabantur.
932 814 936 821 ·
961 784 1064 868 Quod
1082 795 1110 843 et
1137 804 1142 825 ¹

176 865 336 924 orationes
352 862 522 933 declarant,
537 862 672 923 refertae
686 860 962 945 ¹philosophorum
983 866 1110 929 senteu-

174 949 229 1007 tiie
251 960 283 1006 et
305 942 563 1005 doctissimorum
585 949 764 1008 hominum
785 949 1108 1030 sarrrillaritatee,qui·

173 1026 237 1093 hue
256 1030 381 1110 semper
404 1032 524 1090 domus
545 1029 649 1092 nostra
668 1034 792 1091 floruit:
815 1046 847 1093 et
860 1037 1035 1114 principes
1055 1037 1108 1113 illi,
1132 1102 1135 1111 ¹

94 1160 97 1169 .
143 1126 146 1131 “
172 1118 335 1177 Diodotus
349 1115 429 1191 (vid.
443 1130 475 1193 p.
487 1115 578 1195 296),
593 1114 687 1175 Philo
701 1121 740 1192 (v
764 1133 794 1196 p.
810 1120 898 1193 202),
914 1121 1128 1194 Antiochum

172 1201 372 1273 Posidonius,
387 1223 404 1261 a
421 1194 541 1278 quihus
562 1198 699 1260 instituti
720 1198 843 1262 suanus.
884 1205 927 1263 Et
950 1206 973 1263 li
997 1208 1107 1265 omnia

171 1285 389 1367 philosophiae
402 1295 566 1363 praecepta
584 1286 772 1344 reseruntur
792 1286 831 1345 ad
849 1288 1105 1360 vitam,arbltra·

171 1388 316 1430 marnoa
326 1367 501 1447 etpublicia
510 1381 541 1427 et
550 1371 683 1446 privatis
694 1371 728 1428 in
746 1369 843 1429 rebus
860 1390 897 1429 ea
911 1373 1106 1453 praestitisse,

81 1462 106 1499 ⁶·
124 1453 155 1517 i·
172 1470 253 1534 quae
265 1455 344 1514 ratio
360 1466 392 1512 et
404 1454 546 1512 doctrina
560 1452 799 1532 praescripserit.
818 1457 876 1514 Sin
896 1466 1016 1517 auteur
1038 1458 1104 1536 qnia

171 1541 318 1618 requirit,
332 1558 412 1617 quae
425 1535 514 1596 causa
528 1556 587 1597 noe
605 1540 786 1618 impulerit,
800 1550 838 1597 ut
859 1540 939 1599 haec
955 1556 1028 1603 tam
1043 1543 1106 1603 sero

170 1624 285 1683 litteris
304 1625 554 1693 mandaremus,
568 1623 653 1679 nihil
676 1622 737 1696 el't,
751 1623 836 1701 quod
861 1628 1019 1702 expedite
1041 1643 1104 1705 tam

169 1708 263 1768 facile
284 1704 450 1786 possimur.
493 1704 579 1764 Nam
600 1725 708 1784 quum
731 1720 798 1767 otro
815 1704 1057 1789 'langueremus
1076 1722 1104 1772 et

168 1794 197 1853 ie
216 1790 291 1853 effet
311 1789 503 1868 reipublicae
529 1788 640 1864 slatus,
661 1803 700 1850 ut
720 1810 794 1853 eam
815 1794 917 1851 unius
941 1790 1008 1875 (sc.
1036 1794 1116 1857 Cae·-

162 1874 264 1964 sorr's)
287 1875 415 1936 consilio
442 1889 537 1954 atque
566 1895 640 1935 cura
662 1876 837 1957 gubernari
864 1879 991 1947 necesse
1016 1881 1103 1939 esset:
1141 1934 1144 1939 ,

166 1965 316 2046 primuni
331 1956 426 2038 ipsius
435 1959 626 2038 reipublicae
641 1955 980 2040 causaplrilosophiam
990 1963 1100 2026 nostrie

167 2047 361 2108 horninibus
383 2043 605 2123 explicandam
627 2047 756 2122 putari,
779 2047 892 2127 magui
913 2043 1100 2111 eicistirnrne

167 2127 315 2192 interesse
331 2129 372 2189 ad
392 2130 491 2188 decue
511 2128 602 2187 etad
624 2129 756 2189 laudem
776 2132 940 2204 cirinus,
963 2152 1017 2193 res
1036 2147 1101 2193 tam

166 2232 278 2299 graver
295 2226 429 2294 tamque
450 2212 621 2292 praeclarae
642 2214 749 2272 latinio
766 2216 872 2281 etlam,
884 2215 1005 2277 litteris
1027 2238 1099 2283 con·

165 2302 273 2361 tineri.
316 2298 426 2377 quue
453 2317 510 2357 me
539 2299 651 2357 minua
679 2296 815 2359 instituti
845 2301 915 2359 mei
946 2300 1098 2380 poenitet,

166 2380 254 2464 quod
269 2384 360 2443 facile
375 2381 495 2455 sentio,
509 2399 608 2459 quam
627 2383 814 2443 multorum
834 2397 903 2442 non
929 2382 1034 2446 modo
1056 2388 1099 2447 di·

162 2469 274 2534 scendi
289 2465 341 2525 secl
354 2468 454 2524 etiam
466 2463 622 2533 scribendi
636 2464 733 2525 studia
743 2466 1094 2533 commoverirnssom·

164 2555 274 2634 plures,
283 2552 379 2610 enirn
387 2550 514 2611 Graecis
527 2542 780 2621 ihstitutionibue
796 2553 915 2613 eruditi
928 2566 1097 2636 ‚mquae

165 2630 352 2707 dirlicmant,
362 2649 445 2694 cum
460 2635 584 2694 civibus
598 2634 661 2694 stris
677 2638 923 2697 communicare
938 2657 1012 2700 non
1027 2654 1096 2721 pot·

166 2714 273 2794 erant,
288 2720 374 2798 quod
393 2721 445 2779 illa
457 2766 464 2793 ‚
478 2738 565 2798 quae·
577 2742 593 2780 a
607 2721 732 2780 Graecis
755 2722 973 2801 accepissent,
986 2722 1097 2786 Latine
1117 2787 1121 2793 ,

154 2807 229 2866 ‘dici
248 2803 331 2884 posse
355 2801 545 2865 diffiderent.
573 2804 647 2886 Quo
670 2807 706 2865 ln
728 2825 846 2888 genere
868 2820 1004 2868 tanturn
1025 2828 1097 2889 pro·

163 2888 268 2952 secisse
291 2887 452 2962 videmur,
468 2902 537 2975 uta
552 2887 677 2948 Graecis
692 2907 734 2950 ne
754 2892 936 2951 ‘verborum
958 2895 1094 2972 quidem

163 2980 253 3055 copia
282 2974 500 3033 vinceremur.
543 2974 673 3034 Hortata
697 2974 795 3035 etiarn
828 2973 894 3049 est,
918 2991 956 3035 ut
979 2976 1096 3038 meod

162 3062 242 3123 haec
264 3060 466 3132 conferrem,
479 3054 779 3140 animi'aegritudo,
801 3058 953 3120 fortunae
976 3076 1095 3144 magna

147 3161 196 3223 'et
208 3146 296 3226 gravi
312 3154 476 3204 commota
487 3140 621 3218 injuria3
631 3142 722 3219 cujus
737 3143 762 3202 sa
775 3142 936 3221 majorem
950 3142 1095 3226 aliquam

120 3246 127 3263 ⁴
162 3229 362 3290 levationem
383 3218 521 3304 reperire
538 3226 807 3303 potuill'ern,lron
821 3234 859 3287 ad
872 3227 1094 3310 hanepooffi·

70 3318 74 3324 ’
161 3330 262 3375 mum
285 3310 505 3392 confugill'em.
526 3313 569 3370 Ea
592 3327 669 3370 vero
691 3309 754 3392 ipsa
772 3311 862 3373 nulla
880 3315 1008 3383 ratione
1022 3332 1093 3374 me·

160 3399 225 3458 lius
246 3397 312 3458 frui
327 3397 430 3477 potui,
445 3413 544 3473 quam
563 3396 653 3456 fime
676 3416 744 3456 non
761 3397 861 3457 modo
881 3396 920 3456 ad
939 3397 1093 3480 legendos

158 3480 329 3555 libros,sed
345 3482 443 3539 etiam
463 3481 500 3549 arl
523 3490 625 3561 totam
643 3480 879 3560 philosophiam
890 3496 1091 3561 pertractari·

160 3567 237 3628 darn
265 3566 426 3633 dedilleru.
470 3562 595 3625 Omnes
620 3579 731 3625 autern
762 3566 830 3642 ejue
859 3579 963 3645 parter
995 3581 1091 3647 utque

161 3651 273 3712 omnia
302 3652 451 3711 membra
478 3663 553 3709 turn
581 3650 735 3712 facillime
761 3648 960 3725 noscuntur,
983 3670 1091 3731 quum

70 3750 97 3792 e.
116 3731 145 3794 5.
161 3746 246 3796 totae
267 3731 462 3816 quaestiones
479 3736 644 3796 scribendo
659 3737 866 3815 explicantur.
890 3732 957 3821 Qui
976 3738 1091 3798 aurem

142 3834 145 3839 '
161 3818 349 3900 requirunt,
362 3820 438 3899 quid
458 3834 582 3898 quaque
601 3819 640 3878 de
653 3840 688 3878 re
702 3821 757 3900 ipsi
771 3816 965 3894 sentiamus,
985 3824 1089 3881 curio·

160 3907 278 3985 fiue'irl
298 3900 437 3982 saciurit,
460 3924 560 3986 quarn
578 3904 699 3967 necelse
720 3905 772 3967 est.
802 3905 886 3968 :Non
905 3904 1002 3969 enim
1023 3920 1091 3967 ram
1136 3981 1139 3985 ,

179 3998 213 4029 ”’
980 4002 1090 4054 ancill·
