2476 4576
120 364 126 379 .
222 281 296 363 ¹276
339 232 1142 363 saca.leeg.nat’mno'aaaeuaem.1
1190 302 1192 355 ε

121 442 131 463 ⁸
225 430 424 524 habueiunt.
466 451 528 514 Sed
550 452 699 532 utrique,
728 453 872 514 Platonis
900 454 1049 514 ubertate
1069 470 1155 516 com'·

220 551 313 634 pleti,
335 562 457 612 certam
473 548 637 629 quandam
657 548 842 631 disciplinae
864 548 1049 613 formulam
1068 544 1164 613 com't·¹

148 664 155 671 '
222 647 417 731 posuerunt,
439 661 470 707 et
492 666 565 706 eam
578 648 712 724 quidem
725 648 858 726 plenam
871 667 906 707 ac
925 647 1103 711 refer'tam:
1118 650 1154 711 il·

222 747 294 807 iarn
320 760 431 814 autem
454 744 646 805 Socraticam
676 745 913 805 dubitationem
935 744 975 805 de
998 748 1154 810 omnibus

167 851 170 858 '
222 846 320 905 rebus
335 857 365 902 et
378 841 468 902 nullo
492 836 706 903 affirmatione
728 842 871 902 adhibita
883 840 1155 907 consuetudinem

223 939 392 1001 disserendi
418 940 629 1019 reliquerunt.
671 940 718 1000 lta
738 939 820 999 sacta
842 938 885 998 est
905 928 993 1019 quod
1013 943 1153 1003 minime
1184 986 1187 993 ·

219 1038 364 1101 Socrates
377 1036 542 1118 probabat,
562 1054 612 1095 ars
627 1036 785 1114 quaedam
798 1033 1040 1116 philosophiae
1058 1054 1093 1100 et
1101 1058 1153 1101 re·

218 1140 299 1214 r'um
314 1135 393 1197 ordo
415 1145 446 1193 et
467 1131 633 1211 descriptio
653 1130 921 1213 disciplinae&
898 1133 1063 1217 >Quae
1084 1138 1153 1216 qui·

220 1233 376 1292 demetat
390 1232 497 1310 primo
518 1228 664 1301 duobus,
683 1245 721 1289 ut
741 1231 827 1303 dixi,
848 1232 1062 1306 nominibus,
1081 1254 1153 1297 una.
1188 1258 1192 1267 ·

221 1329 314 1391 Nihil
325 1329 509 1389 eniminter
521 1326 744 1407 Peripateticos
761 1342 792 1387 et
807 1328 898 1388 illam
911 1341 1061 1389 veterem
1074 1332 1154 1392 Aca·

224 1428 372 1488 dentiam
405 1425 580 1487 differebat.
624 1424 835 1485 abundantia
859 1425 999 1507 quadam
1032 1425 1152 1511 ingenii

221 1522 402 1608 praestabat,
417 1535 455 1583 ut
470 1522 556 1581 mibi
573 1523 702 1582 videtur
714 1523 859 1601 quidem,
873 1521 1079 1594 Aristoteles:
1102 1526 1150 1587 sed

221 1621 341 1687 idems
340 1640 400 1680 ons
412 1633 480 1682 erat
495 1620 655 1700 utrisque,
676 1633 709 1679 et
727 1620 842 1680 eadem
864 1639 977 1680 rerum
999 1618 1149 1707 expeteri-

221 1719 338 1779 darum
352 1717 647 1799 fugiendarumque
659 1719 796 1797 partitio.

72 1820 77 1829 '
137 1835 163 1872 e.
181 1819 211 1876 5.
274 1815 380 1878 Fuit.
396 1832 470 1897 ergo
483 1812 551 1891 jem
564 1826 701 1894 accepta
710 1834 728 1874 a
752 1815 887 1876 Platone'
905 1770 1151 1907 philosophandi

221 1915 302 1977 tatio
318 1900 450 1990 triplex:
472 1930 538 1971 una
551 1911 591 1970 de
603 1915 670 1972 vita
689 1927 721 1973 et
742 1916 907 1973 moribus.
928 1916 1025 1975 altera
1042 1910 1081 1977 de
1094 1938 1150 1978 na·

221 2027 294 2073 tura
313 2021 346 2069 et
369 2011 465 2071 rebus
485 2009 631 2070 occultis:
644 2011 743 2070 tertia
757 2010 795 2068 de
810 2011 1005 2086 differendo,
1024 2029 1056 2075 et
1078 2014 1151 2096 quid

218 2128 350 2182 verum,
372 2107 449 2186 quid
469 2105 602 2186 salsum3
625 2109 702 2188 quid
721 2121 851 2167 rectum
869 2111 905 2169 in
922 2110 1068 2171 oratione
1085 2122 1150 2193 pra·

220 2223 363 2275 vumve3
391 2206 468 2282 quid
493 2203 713 2278 consentiens,
739 2206 816 2283 quid
845 2226 1046 2287 repugnans,
1065 2209 1149 2286 judi·-

181 2286 185 2293 ¹
223 2292 335 2369 cando.
378 2302 428 2360 Ac
449 2303 591 2380 primam
610 2301 701 2361 illam
724 2315 849 2380 partem
876 2305 964 2364 bene
980 2308 1173 2369 vivendis·

222 2414 337 2462 natura
350 2397 510 2477 petebant,
525 2400 618 2477 eique
631 2400 812 2478 parendum
829 2384 888 2459 elle
906 2400 1073 2463 dicebantr
1093 2424 1150 2473 ne·¹

221 2517 285 2577 que
299 2495 364 2554 ulla
380 2495 438 2553 alia
456 2496 551 2568 inre,
567 2495 627 2554 nisi
640 2497 675 2554 in
689 2509 822 2570 natura,
844 2500 1071 2577 quaerendum
1091 2491 1149 2564 else

218 2595 300 2656 illud
325 2586 499 2651 summum
521 2594 668 2667 bonum,
701 2613 766 2675 quo
787 2599 906 2656 omnia
936 2597 1147 2667 reserrenturt

218 2689 517 2770 constituebantque
531 2704 719 2751 extremum
740 2689 799 2750 else
821 2712 935 2752 rerum
958 2699 1146 2776 expetenda.

216 2809 296 2852 rum
310 2800 342 2848 et
356 2787 457 2848 finem
471 2789 648 2863 bonorum,
666 2791 821 2867 adeptum
838 2790 897 2850 elle
918 2794 1031 2852 omnia
1053 2816 1071 2856 e
1089 2815 1145 2856 na·

214 2889 299 2961 turb,
315 2899 346 2944 et
359 2886 471 2944 animo
493 2899 524 2944 et
537 2905 670 2966 corpore
697 2898 729 2943 et
750 2889 823 2950 vita.
867 2888 1017 2967 Corporis
1036 2906 1145 2953 autem

215 2985 277 3047 alia
300 2983 464 3065 ponebant
483 2981 543 3042 esse
564 2985 599 3042 in
617 2995 697 3056 toto,
718 2983 776 3042 alia
790 2987 1000 3064 inspartibu03
1022 2990 1144 3050 valetu-

217 3085 344 3154 dinem,
364 3082 460 3152 vires,
472 3079 754 3166 pulcritudinem,
783 3083 818 3139 in
838 3097 921 3143 toto:
943 3085 978 3142 in
996 3089 1140 3164 partibus

55 3165 58 3172 .
145 3200 151 3211 ·
193 3194 326 3257 *autem
340 3174 446 3234 sensus
465 3179 616 3258 integros,
624 3191 655 3235 et
670 3176 890 3260 praestantiam
911 3181 1055 3261 aliquam
1072 3204 1144 3264 par-,

214 3266 302 3340 tium
315 3272 532 3356 lingularum:
553 3288 591 3334 ut
604 3275 640 3333 in
654 3275 803 3356 pedibus,
820 3276 1038 3339 celeritatem:
1058 3283 1143 3359 vim,

214 3354 222 3371 ‘
731 3365 734 3370 ’
1014 3412 1042 3423 --
1104 3381 1142 3439 itt

188 3460 219 3517 θ’
249 3490 254 3497 —
947 3460 953 3475 ¹

245 3571 293 3647 (a)
317 3568 417 3624 Sensus
446 3568 493 3633 ost,
517 3569 573 3624 hos
596 3567 805 3642 philosophos,
826 3585 861 3626 ut
878 3550 957 3628 nunc
974 3553 1164 3647 loquimur,

285 3652 431 3725 systemata
461 3649 664 3724 philosophiae
704 3652 853 3726 discipulis
887 3656 944 3708 suis
982 3655 1139 3711 tradidde.

192 3790 195 3799 ‚
283 3733 367 3788 Licet
386 3733 465 3784 enim
488 3731 570 3784 Plato
595 3731 628 3783 de
652 3733 737 3785 rebus
762 3734 887 3805 pbyfiois
917 3753 945 3791 et
961 3722 1146 3791 'dialecticis'

190 3814 193 3819 ’
282 3833 371 3886 oeque
389 3811 597 3865 nemoralibus
615 3813 723 3887 egerit:
740 3813 772 3866 id
790 3830 883 3868 tamen
905 3815 1007 3868 ordine
1018 3834 1080 3885 non
1095 3816 1144 3870 ad·

280 3893 379 3955 bibito
399 3892 547 3966 praestitit,
567 3910 618 3945 neo
636 3893 664 3944 ei
683 3892 742 3946 suit
760 3894 793 3946 in
821 3897 931 3962 anime,
952 3897 1039 3954 fimus
1065 3897 1143 3954 inte·

272 3993 361 4052 gram
380 3973 488 4029 tradere
508 3971 702 4046 disciplinam.
737 3973 856 4055 slaviae·
