2476 4576
228 311 302 378 ι5ο
351 274 457 360 ὃιᾶι
468 292 513 357 11.
522 289 559 357 C.
569 308 601 382 5.
610 246 781 361 nestun.
790 286 929 355 Gnaeo.
940 252 1102 355 Secedat.
1128 272 1137 289 '

231 471 371 532 minum
383 471 448 531 vita
456 468 647 532 erudiretur.
690 464 918 561 Querebatur
908 466 1022 547 agitur,
1032 462 1065 529 se
1079 426 1159 541 ιιιιιι,

232 587 339 648 quum
341 555 404 628 illa
418 568 528 628 ridere
541 562 697 645 coepisset,
712 562 879 646 exstingui.

58 651 179 743 'Nard
194 673 222 722 1»
299 667 375 728 Non
390 667 519 726 serenda
531 660 738 743 Theophrasti
755 654 966 723 inconstantia
980 658 1043 722 est·
1064 660 1160 723 modo

128 726 170 781 ’δ’
234 763 329 823 enim
349 765 456 853 menti
476 762 631 825 divinum
654 761 768 841 tribuit
796 761 1037 839 principatum,
1067 759 1161 823 modo

234 860 340 921 coelo.
370 847 447 922 tum
469 873 581 928 autem
603 858 697 942 sgnie
725 845 943 939 sideribusque
968 840 1162 919 coelestibus
1193 914 1195 921 ,

74 957 124 1010 Ab·
149 973 175 1019 1,
195 973 242 1053 9
300 957 564 1040 Theophrastus,
584 959 634 1017 vir
648 968 681 1018 et
694 956 837 1017 oratione
854 953 969 1030 suavia,
988 957 1080 1016 etita
1094 972 1161 1017 mo·

203 1074 223 1085 ·
234 1069 334 1130 ratus,
348 1071 385 1116 ut
400 1075 475 1138 prae
496 1055 526 1118 se
539 1056 737 1137 probitatem
750 1054 915 1135 quandam
934 1067 968 1115 et
981 1055 1162 1136 ingenuita-

235 1165 306 1213 tem
320 1154 427 1228 ferret,
440 1155 668 1215 vehementius
683 1152 776 1234 fregit
790 1152 931 1231 quodam
941 1152 1046 1212 modo
1060 1142 1163 1213 aucto·
1174 1165 1181 1203 ἰ
1202 1204 1205 1215 .

184 1236 188 1241 ’
221 1252 367 1313 'ritatem
381 1255 497 1313 veteris
511 1250 703 1331 disciplinae.
734 1251 888 1331 Spoliavit
903 1251 996 1312 enim
1008 1236 1163 1312 virtutem

172 1389 178 1414 ι
237 1347 296 1410 suo
318 1350 440 1427 decore,
462 1349 726 1430 imbecillamque
744 1341 897 1424 reddidit,
929 1350 1016 1429 quod
1041 1350 1164 1433 negavit

17 1466 20 1471 ·
76 1437 273 1518 Tosc.5‚9·‘in
292 1469 326 1508 ea
345 1447 407 1508 sola
418 1448 559 1528 positum
572 1446 632 1514 eise
646 1449 736 1508 beate
748 1449 865 1508 vivere.
888 1479 929 1494 ·-
947 1446 1044 1510 Idem
1063 1465 1170 1528 quum·

196 1565 204 1587 ι
238 1536 399 1622 statuisset,
413 1546 557 1620 verbera,
570 1559 747 1620 tormenta,
760 1545 928 1618 cruciatus,
943 1545 1066 1624 patriae
1079 1565 1163 1611 ever·

182 1716 185 1725 9
238 1627 358 1717 sionea,
381 1644 505 1718 exsilia,
528 1644 677 1704 orbitates
706 1662 863 1727 magnam
888 1644 961 1703 vim
986 1643 1108 1706 babere
1130 1636 1184 1704 ad'

238 1740 326 1805 male
341 1740 520 1827 misereque
543 1741 742 1816 vivendum,
763 1737 834 1802 non
854 1739 898 1802 est
919 1739 1015 1821 austae
1029 1742 1120 1816 ,elate
1137 1752 1165 1802 et

114 1822 118 1831 ¹
140 1908 141 1913 η
239 1840 348 1921 ample
360 1841 468 1925 ioqui,
491 1859 597 1919 quum
618 1839 789 1926 humiliter
809 1838 1005 1920 demisseque
1027 1837 1165 1901 sentiret.

135 1939 137 1946 ’
236 1936 351 2023 ,Quam
374 1937 476 2012 bene,
505 1957 575 1999 non
610 1938 789 2017 quaeritur:
823 1936 1001 1999 constanter
1035 1939 1164 2020 quidem

222 2045 335 2094 certe.
376 2035 487 2114 Itaque
507 2036 592 2095 mihi
609 2035 734 2116 placere
753 2054 821 2096 non
845 2035 923 2097 solet
942 2028 1175 2117 consequentia

239 2128 486 2210 reprehendere,
507 2151 612 2212 quum
622 2134 730 2212 prima
746 2116 957 2223 concesserie.·
979 2126 1166 2199 -Hicautem

136 2242 138 2255 ·
239 2225 491 2311 elegantissimus
513 2223 669 2292 omnium
680 2228 949 2312 philosophorum
969 2246 1003 2292 et
1024 2231 1166 2296 eruditis·

242 2323 360 2410 simut,
381 2345 450 2388 non
468 2345 665 2410 magnopere
693 2329 957 2407 reprehenditur,
983 2349 1096 2412 quum
1114 2332 1167 2395 tria

243 2443 363 2506 genera
375 2424 452 2485 dicit
464 2425 647 2488 bonorum:
667 2439 801 2487 vexatur
814 2440 926 2490 autem
944 2428 983 2490 ab
1002 2432 1166 2520 omnibus,

242 2523 393 2601 primum
407 2523 443 2581 in
460 2542 499 2583 eo
515 2524 615 2597 libre,
636 2542 737 2602 quem
739 2520 870 2606 scripsit
884 2524 923 2587 de
940 2527 1005 2588 vita
1022 2528 1144 2625 beata,
1133 2549 1168 2589 ιιι

156 2692 157 2699 9
242 2638 306 2699 quo
323 2620 429 2680 multa
445 2618 593 2700 disputat,
614 2622 852 2701 quamobrem'
843 2644 882 2698 rs,
904 2625 960 2703 qui
974 2638 1169 2706 torqueatur,

200 2718 493 2796 ‘quicrucietur,
509 2719 627 2779 beatus
644 2718 786 2782 essenon
808 2719 909 2803 poffit.
953 2724 991 2784 ln
1011 2742 1072 2784 eo
1068 2712 1191 2789 etiam'

128 2859 134 2870 .
242 2828 375 2897 putatur
387 2817 503 2890 dicere,
516 2818 552 2876 in
565 2829 671 2879 rotam
693 2818 740 2891 (id
756 2818 798 2881 est
812 2838 915 2902 genua
927 2818 1170 2903 quoddam'tor·
1197 2860 1200 2867 ·

188 2954 191 2959 -
243 2914 449 2997 mentiapud
464 2915 617 2989 Graecos)
638 2902 766 2978 beatam
786 2919 889 2985 vitam
907 2937 976 2979 non
994 2918 1170 2984 escendere.

168 3016 172 3024 '
244 3014 320 3075 Non
341 3028 482 3093 utquam
502 3012 536 3073 id
558 3010 706 3093 quidem
711 3014 788 3075 dicit
815 3015 969 3081 omnino:
999 3015 1072 3095 sed,
1093 3040 1171 3102 quae

245 3111 332 3189 dicit,
354 3112 445 3173 idem
459 3110 580 3173 valent.
620 3111 777 3195 Possum
768 3115 875 3199 rgitur‚
890 3135 952 3176 cur
933 3116 1179 3195 concesserim„

243 3211 279 3270 in
300 3209 396 3271 malie
416 3207 476 3271 eise
497 3198 622 3272 dolores'
648 3213 806 3293 corperis,
836 3215 872 3274 in
890 3216 986 3276 maiis
1007 3215 1172 3300 naufragia

197 3384 200 3394 Ι
246 3308 407 3385 fortunae,
421 3309 497 3369 hnic
509 3307 692 3401 [trecensem
705 3311 834 3390 dicenti,
855 3331 924 3373 non
937 3329 1055 3374 omnes
1068 3315 1171 3379 bonos

146 3438 149 3442 >
247 3406 307 3467 effe
320 3409 447 3481 beatos,
473 3428 580 3489 quum
592 3412 627 3470 in
640 3427 757 3488 ornnee
771 3410 874 3472 bonor
887 3431 936 3472 ea
932 3430 1041 3491 ,quae
1061 3412 1117 3474 ille
1131 3412 1170 3473 ‘in

242 3506 339 3567 utalia
355 3521 520 3590 numerat,
530 3503 642 3569 cadere
653 3503 794 3588 poffint?
815 3508 1052 3593 Vexaturidem
1065 3493 1171 3606 ‘shep-

245 3600 407 3682 phrastus
404 3618 435 3666 et
446 3605 535 3668 libris
549 3619 580 3666 et
593 3605 707 3666 scholio
720 3624 876 3683 omrpum
889 3582 1170 3689 philosophorum,
1193 3595 1195 3602 ¹

197 3702 356 3776 quod
347 3722 382 3763 ιιι
397 3701 586 3766 Callisthene
601 3700 657 3765 suo
674 3698 748 3782 (vid
674 3702 833 3791 (sup.
854 3716 885 3788 p.
900 3722 970 3770 aro
986 3706 1080 3787 ιι.6.)
1101 3706 1172 3766 lau·

252 3788 431 3881 <latrinam
445 3802 653 3865 sententiam:
677 3805 808 3879 „Vitam
830 3805 912 3888 regit
936 3804 1080 3882 fortuna,
1101 3823 1172 3867 non

251 3862 429 3977 sapientia.“
470 3903 598 3987 Negant
622 3902 662 3965 ab
689 3902 769 3965 ullo
779 3881 968 3987 pbilosopho
991 3900 1173 4001 quidquam

676 4049 679 4054 .
800 4042 803 4049 .
1045 3993 1172 4095 dictum

619 4160 623 4167 .

569 4213 574 4222 .
656 4216 660 4222 .
706 4188 711 4217 Ι
