2476 4576
211 326 248 371 .,
321 291 421 358 xrv.
447 276 586 357 'storo
611 252 765 356 ztan}
857 334 860 341 -
897 300 995 368 '259

23 463 31 469 ’
57 467 205 530 sumere:
220 464 379 529 contra‘ria
395 470 590 545 autemnon
609 465 732 548 fugere,
747 461 799 526 sed
819 459 992 524 secernere.

59 567 149 650 Quid
176 566 223 624 ait.
239 564 449 640 Aristotelea,
470 556 652 645 reliquique
675 564 817 624 Platonis
840 559 993 622 alumni?

58 665 100 726 Se
120 666 245 733 omnia,
260 683 341 743 quae
362 661 544 722 secundum
565 676 718 722 naturam
736 660 805 733 sint,
825 658 914 719 hona
928 679 993 739 ap·

13 804 16 809 -
58 762 195 843 pellaret
224 780 305 838 quae
335 773 448 819 autem
474 775 603 833 contra,
626 758 720 819 mala.
764 757 902 816 Videsne
931 757 993 837 igi.

58 873 126 930 tur,
141 860 309 919 Zenonem
329 871 429 917 tuunr
451 877 530 918 cum
550 855 696 918 Aristone
710 857 741 934 (¹
752 856 783 933 ¹)
796 855 903 914 verbis
915 868 995 917 con·

57 957 172 1030 sistere,
185 976 219 1017 re
239 949 400 1014 diffideret
426 975 505 1016 cum
525 953 697 1037 Aristotele
719 968 751 1017 et
772 951 993 1013 illis're'con·

59 1053 199 1124 sentire,
223 1053 331 1116 verbis
349 1051 549 1134 discrepare?
592 1053 659 1114 Cur
680 1053 804 1135 igitur,
826 1069 933 1131 quum
953 1050 994 1112 dc

9 1202 12 1209 .
57 1168 96 1212 re
116 1152 379 1223 cortveniat,non
399 1151 555 1213 malimus
573 1151 685 1212 usitate
706 1147 819 1230 loqui?
849 1157 915 1210 Aut
935 1149 1006 1213 do.-

60 1263 139 1330 ceat,
159 1251 355 1328 paratiorem
375 1267 432 1309 me
454 1249 493 1308 ad
517 1248 796 1323 contemnendam
818 1249 996 1327 pecuniam
1022 1270 1027 1275 ¹

15 1326 23 1341 ,
61 1347 143 1420 sore,
160 1346 182 1405 si
203 1345 327 1405 iliam
318 1365 355 1405 rn
362 1347 472 1405 rebus
494 1346 691 1426 Rraepofitis,
713 1362 813 1424 qutun
835 1347 887 1405 sr
880 1365 914 1404 m
935 1348 998 1406 bo«
1072 1344 1095 1385 ·'

59 1446 113 1506 nis
135 1407 283 1504 duriero·
306 1443 578 1520 sortioreruque'
570 1464 606 1503 tn
635 1444 786 1523 patiendo
811 1443 949 1518 dolore,
972 1443 996 1504 st

15 1544 22 1553 “
61 1561 143 1604 euru
164 1539 325 1622 asperum,
341 1553 373 1600 et
394 1535 560 1601 difficilem
582 1540 740 1622 perpessu,
755 1556 787 1602 et
809 1520 921 1601 ‘contra'
939 1561 994 1601 na-

61 1654 171 1701 turam
203 1637 289 1712 elle,
317 1657 417 1718 quarn
442 1637 473 1701 sr
494 1636 622 1697 malurn
651 1640 771 1699 dixero.
814 1639 924 1700 Facete
951 1641 998 1702 Mc

61 1736 145 1813 Piso,
168 1737 335 1797 familiaris
357 1734 481 1809 noster,
499 1735 730 1815 dicebat‚,plue
754 1736 853 1798 tribui
876 1738 999 1799 divitiis
1029 1723 1032 1729 ¹
1101 1784 1111 1800 s

60 1836 239 1908 aZenone,
253 1836 309 1912 qui
331 1852 383 1893 eaa
405 1834 441 1890 in
462 1834 643 1911 praepositio
666 1847 819 1912 poneret,
834 1856 933 1914 quarn
956 1837 1015 1903 ab'
1073 1836 1077 1843 ’

59 1931 253 2008 Aristotele,
277 1933 333 2008 qui
357 1931 488 1990 bonum
509 1927 568 1988 esse
591 1930 718 2008 divitias
749 1930 922 2008 fateretur}
944 1933 999 1995 sed
1022 1954 1032 1966 ‘

61 2050 125 2091 nec
146 2046 314 2111 magnum·
329 2028 493 2101 bonum,
519 2039 552 2086 et
574 2046 650 2106 prae
678 2024 770 2087 rectia
793 2027 1000 2112 honestisque
1099 2076 1101 2081 η
1136 2100 1142 2115 ⁸

62 2126 349 2190 contemnendum
370 2135 406 2184 ac
426 2122 696 2203 despicientium,
717 2144 779 2187 nec
798 2146 1000 2210 ,magnopere

63 2224 309 2306 expetendum:
336 2223 539 2301 omninoque
563 2224 602 2282 de
628 2225 785 2284 omnibus
807 2224 870 2286 istis
890 2227 999 2289 verbio

63 2345 82 2385 a
103 2325 234 2383 Zenone
256 2321 391 2381 mutatis
411 2322 454 2379 ita
477 2317 663 2400 disputabat,
685 2336 716 2383 et
738 2324 819 2403 quae
840 2326 924 2385 bona
940 2345 1000 2387 ne·

64 2434 218 2519 gerentur
240 2416 301 2479 eise
322 2417 361 2478 ab
384 2429 488 2492 e0,et
508 2437 600 2496 quae
596 2419 714 2495 anaia,
736 2421 789 2480 ilia
812 2422 1000 2487 laetioribus

34 2568 41 2575 .
64 2502 260 2581 nominibus
279 2517 318 2577 ab
341 2534 379 2576 eo
407 2515 587 2596 appellari,
613 2537 714 2598 quam
737 2542 754 2580 a
775 2521 898 2599 nobie,
920 2522 1005 2586 haec
1059 2580 1065 2593 ,

65 2615 266 2677 tristioribus.

19 2696 27 2711 ⁸
67 2718 72 2739 ¹
150 2713 182 2773 A
199 2714 330 2774 Zenone
350 2710 412 2771 hoc
436 2709 608 2794 magnifice
630 2722 788 2793 tanquam
809 2733 849 2776 ex
870 2708 1000 2782 ora'culo
1017 2715 1168 2795 tinoaq.

66 2812 202 2873 dicitur:
224 2810 331 2870 Virtus
350 2808 390 2868 ad
401 2808 492 2867 beate
505 2805 738 2878 vive.·‚du1u.se
759 2811 826 2891 ipsa
849 2829 1000 2881 contenta
1060 2872 1063 2881 .

66 2908 120 2971 est.
165 2909 293 2993 Quare,
314 2906 446 2984 inquit?
468 2897 670 2986 Respondet:
714 2905 810 2990 Quia,
831 2912 890 2971 nist
913 2916 1000 2993 quod
1135 2962 1138 2967 .
1213 2950 1219 2977 r

65 3006 244 3068 honestum
265 3000 306 3062 est
323 3043 332 3076 ,
349 3002 490 3062 'nullum
510 3001 552 3062 est
569 3004 656 3063 aliud
679 3005 867 3069 bonum.-·
889 3015 1003 3078 Hone-
1021 3020 1070 3075 Δο.
1083 3032 1109 3075 a.
1122 3030 1170 3097 ῳ.

11 3122 13 3127 ’
54 3098 156 3165 'stum
177 3115 300 3174 autem,
319 3101 405 3179 quod
422 3101 558 3161 ducatur
578 3120 595 3160 a
613 3102 838 3168 conciliatione
857 3124 1002 3192 naturae,

67 3203 157 3279 Zeno
178 3199 283 3260 statuit
305 3198 407 3258 finem
427 3198 487 3260 else
508 3199 686 3261 bonorum.

24 3362 34 3373 ,
153 3296 293 3358 Zenonis
307 3294 482 3357 sententiae
495 3293 570 3355 sunt
589 3310 622 3356 et
641 3312 807 3381 praecepta
821 3300 1000 3380 ejusmodia
1021 3322 1049 3374 Ρ·
1069 3303 1169 3361 Mure-

17 3476 21 3481 Δ
68 3382 247 3477 sapientem
265 3396 362 3477 gratia
375 3411 550 3472 nunquam
564 3392 1057 3482 moveri‚nunqt1a1ncujus.¹¹²
1082 3390 1170 3451 ⁰⁴9·
1221 3466 1224 3473 ,

66 3513 171 3579 quam
198 3493 315 3554 delicto
341 3487 504 3577 ignoscere
516 3509 527 3564 3
555 3492 731 3556 neminem
757 3495 1002 3568 misericorderir
1017 3518 1048 3585 γ
1080 3504 1083 3513 ’

601 3588 673 3668 R,2
797 3630 803 3645 ι
944 3598 1006 3693 eisc

105 3821 168 3891 (ιι)
186 3819 246 3894 Qui
268 3836 355 3873 omne
383 3814 505 3873 omnino
532 3832 701 3905 cunctarum
724 3839 821 3880 rerum
847 3824 1003 3891 discrimen

141 3902 289 3969 tollebat,
310 3900 374 3957 solo
392 3900 529 3957 virtutis
537 3914 567 3956 et
584 3885 659 3958 vitii
677 3919 797 3977 excepto
821 3906 1002 3975 discrimine.

140 3985 206 4043 vid.
226 4002 344 4058 moxp.
336 3976 428 4036 ..roo
828 4038 833 4044 ,
950 4050 953 4059 ,
1078 3996 1085 4029 r
1152 3979 1155 3984 ’
1181 3983 1184 3989 ’
