2476 4576
356 244 453 338 ΙΧΠ.
477 269 764 337 anmrnnrot.
906 299 920 381 ι
958 288 1051 357 ιη’
1068 315 1075 340 ,

94 435 252 512 nestatem
266 449 464 508 vacuitatem
481 446 609 519 doloris,
636 446 699 508 Hic
717 462 846 527 quoque
868 441 946 506 [uua
967 444 1037 507 est:-

98 547 139 608 de
155 544 458 639 summoquebono
483 542 665 611 dillentie'ns
690 543 753 603 tlici
777 562 852 604 vere
867 544 1030 626 Peripate·

97 647 181 706 ticus
209 661 279 704 non
306 640 415 724 potest.
458 641 710 723 Antiquorum
699 654 812 702 autern
834 639 1030 731 sententiam

70 742 282 833 *eunochus
303 737 408 800 noster
428 739 512 805 mihi
530 740 660 801 videtur
683 737 758 818 pers
755 739 832 818 equi
852 739 1077 823 diligentis·-
1056 809 1061 821 ι
1101 772 1149 823 l
1194 820 1199 825 Ι

96 840 194 900 fitne.
213 855 314 918 quant
335 828 474 899 eandem
488 832 666 898 Aristotelis
684 833 776 939 inille
795 849 829 896 et
839 826 1034 905 Polemomo
1115 832 1121 849 ⁸

97 936 201 998 docet.

184 1027 253 1117 Piso
282 1029 546 1115 Peripateticus'
533 1052 566 1088 tn
601 1027 788 1091 declaranda
813 1032 1035 1123 Peripatetico·-
1141 1068 1144 1077 ·

76 1148 167 1193 'rum
189 1129 226 1190 de
243 1126 363 1214 summo
387 1127 463 1187 bono
485 1125 624 1207 doctrino
645 1126 717 1188 haec
745 1132 825 1190 inter
851 1131 916 1191 alta
937 1131 1032 1195 dicite.

88 1216 220 1292 'Omnia
235 1238 350 1305 natura
368 1223 413 1286 elt
425 1222 639 1286 conservatrix
651 1224 822 1306 luifidque
836 1228 932 1291 habet
953 1251 1030 1311 pro·
1015 1247 1073 1284 -e
1090 1228 1121 1299 5,
1138 1249 1169 1307 9
1227 1290 1230 1294 ,

91 1326 242 1409 politum
257 1322 355 1407 quasi·
364 1314 468 1383 finer'n
488 1334 520 1381 et
541 1335 746 1405 extremum,
770 1323 801 1383 le
823 1338 861 1385 ut
878 1326 1033 1407 custodiat

98 1445 201 1505 quam
222 1426 258 1484 in
287 1423 413 1504 optimo
435 1419 485 1481 soi
511 1422 637 1503 generis
658 1419 755 1482 statu.
781 1435 819 1483 ut
839 1424 961 1487 necelle
981 1427 1032 1504 stt,

99 1523 257 1589 omniurn
275 1541 398 1596 rerum,
418 1539 499 1599 quae
519 1531 635 1579 natura
654 1520 795 1601 vigeant,
813 1520 956 1584 similem
970 1525 1032 1588 elle
1096 1561 1099 1566 ·
1162 1578 1165 1587 .
1195 1506 1226 1606 J

98 1592 296 1719 linem,non
317 1620 472 1679 eundem.
514 1616 564 1676 Ex
586 1634 668 1698 quo
673 1617 812 1700 intelligi
834 1621 948 1697 debet,
967 1623 1031 1715 lro·

97 1708 187 1783 ιιιίιιι
177 1718 235 1778 id
249 1714 330 1777 elle
322 1738 359 1777 ru
370 1717 480 1779 bonis
486 1714 659 1788 ultimum,
671 1711 855 1794 secundum
876 1707 1031 1783 naturam

99 1819 231 1878 vivere:
248 1815 362 1897 quod
353 1828 397 1874 ιιι
417 1812 682 1892 interpretemur,
695 1813 804 1875 vivere
823 1835 862 1875 ex
884 1817 1032 1883 hanonia
1128 1807 1137 1823 ’

97 1929 215 1977 natura
229 1912 375 1990 undique
396 1909 533 1990 perlecta
550 1923 588 1968 et
607 1910 692 1968 nihil
714 1913 962 1991 requirente.-
924 1916 1033 1981 -tta
1049 1925 1112 1983 ib.
1178 1949 1181 1959 ·

97 2015 175 2077 linis
193 2009 359 2071 bonorum
377 2004 502 2080 exsistit,
525 2005 708 2066 lec-undum
734 2022 886 2070 naturam
909 2015 1032 2092 vivere,

99 2114 142 2180 fic
162 2090 326 2182 affectum,
340 2118 377 2166 ut
392 2107 516 2185 optime
534 2100 617 2165 affici
634 2099 746 2184 postte,
754 2106 792 2166 ad
814 2121 1039 2194 naturamque

100 2184 441 2272 acconrmodatiffime
460 2236 502 2249 -
528 2201 744 2284 Perspicuum
771 2201 837 2280 est,
872 2215 1072 2289 quoniame
1091 2222 1136 2280 25,
1200 2250 1202 2255 .

68 2302 188 2391 'iplia
206 2306 301 2368 nobis
316 2298 502 2389 diligamur,
515 2303 691 2381 omniaque
704 2316 737 2364 et
753 2303 793 2363 in
808 2308 920 2368 animo
942 2324 974 2371 et
992 2315 1031 2375 in

102 2425 241 2488 corpore
251 2401 390 2484 perfecta
408 2401 550 2463 velimus
557 2398 633 2475 elle,
647 2419 683 2461 ea
696 2403 791 2464 nobie
808 2403 872 2484 ipsa
887 2425 955 2468 cara
969 2409 1030 2478 elle
1136 2404 1139 2409 ’
1218 2392 1225 2405 ’

71 2524 75 2534 ’
99 2503 230 2587 piopter
245 2502 287 2576 le,
300 2513 332 2563 et
345 2504 382 2561 in
395 2500 433 2559 iia
447 2497 507 2560 elle
519 2499 558 2560 a'd
570 2502 654 2561 bene
668 2502 852 2562 vivendum
872 2525 1032 2569 momen-

101 2617 135 2665 ta
156 2602 310 2663 unxina.
338 2590 399 2660 Sed
418 2597 519 2657 lucilia
540 2595 589 2658 est
605 2596 804 2674 conjectura,
824 2621 862 2661 ea
883 2608 1033 2670 maxime

102 2697 178 2783 elle
184 2697 362 2779 expetenda
380 2715 419 2755 ex
440 2693 568 2771 nostris,
587 2713 669 2774 quae
686 2695 872 2775 plurimum
893 2701 1034 2766 habeant

74 2832 82 2843 κ
103 2797 276 2882 drgmtatra
310 2797 355 2856 lta'
375 2794 419 2868 iit,
431 2805 469 2852 ut
492 2794 597 2851 animi
618 2795 722 2854 virtus
750 2798 890 2876 corporis
913 2802 1032 2863 virtuti

97 2908 342 2978 anteponatur,
370 2876 555 2972 rinimique
564 2892 701 2952 virtutes
727 2911 796 2952 non
822 2896 1032 2999 voluntarias,
1061 2954 1064 2961 .
1110 2960 1113 2967 ,

102 2995 197 3072 cujus
224 2993 350 3074 genecio
379 2988 423 3051 est
454 2990 621 3066 docilitas,
638 2993 826 3066 memoria,
857 3014 937 3073 quae
944 2994 1032 3060 fere

102 3090 437 3172 omnia'appellantur
459 3107 529 3148 uno
556 3091 682 3171 ingenii
712 3092 876 3165 nomine,
898 3096 1033 3165 vincant

101 3192 238 3252 virtutes
257 3188 468 3262 voluntariae,
487 3205 568 3266 quae
587 3187 724 3266 quidem
745 3193 874 3269 proprie
894 3195 1033 3256 virtutea

101 3287 313 3393 appellantur,
332 3287 546 3365 multumque
563 3285 735 3363 excellunt,
756 3302 921 3367 propterea
943 3295 1032 3371 quod

60 3405 72 3415 ·
102 3382 145 3449 e'x
164 3387 288 3449 ratione
308 3386 502 3470 gignuntur:
521 3402 584 3464 qua
605 3383 691 3505 nihil
704 3383 804 3447 estin
824 3388 962 3451 homine
972 3382 1057 3454 di

60 3558 70 3575 ι
100 3484 226 3589 viniua
313 3513 322 3527 ·
836 3506 839 3515 ·
961 3511 975 3541 ·.

170 3581 263 3647 Tria
286 3599 402 3666 genera
428 3581 599 3644 bonorum
631 3599 791 3644 numerant
814 3585 1033 3668 Peripatetici,
1055 3591 1138 3651 Tuto.
1158 3586 1211 3681 5,

80 3681 250 3760 ,maxima
272 3682 400 3756 animi,
420 3676 557 3741 fecunda
579 3676 741 3762 corporis,
761 3697 890 3746 externa
918 3689 1029 3764 tertia3
1099 3668 1147 3722 ⁵⁰

98 3798 164 3840 nec
188 3778 297 3839 multo
322 3792 446 3839 veteres
467 3780 654 3844 Academici
682 3779 834 3845 secus
807 3815 849 3830 -
876 3785 1031 3870 Pugnant
1045 3799 1111 3860 rin
1117 3814 1197 3870 ²22¹·

96 3877 201 3942 Stoici
220 3895 314 3941 cum
319 3876 567 3960 Peripateticis.
573 3877 690 3945 Alteri
711 3888 845 3964 negant
850 3884 1030 3968 quidquam

146 3996 155 4007 ·
573 3977 698 4040 Po
969 3981 1046 4058 elle.
