2476 4576
120 282 123 292 '
217 316 259 377 ιΙ
371 303 408 350 ι..
453 286 654 352 Flauiam.
715 276 726 298 ⁸
935 269 1045 368 η’

50 458 289 543 peditaverunt,
313 459 493 523 hominum
512 475 623 523 autem
641 460 744 520 vitam
764 457 984 539 superstitione

55 542 154 621 omni
168 557 369 619 referserunt.
392 557 488 642 Saepe
504 561 627 640 physica
642 562 723 620 ratio
736 578 806 617 non
821 560 984 641 inelegans
997 565 1039 621 ib.
1046 585 1069 620 c.
1079 564 1127 626 28.
1151 606 1155 618 .

54 654 179 715 inclusa
201 653 293 715 estin
313 657 428 737 impias
451 657 587 731 fabulas,
616 671 648 717 ct
678 678 694 718 a
721 657 854 736 physicis
877 658 985 733 rebus,

54 753 142 814 bene
155 767 248 832 atque
260 753 383 814 utiliter
397 755 556 829 inventis,
577 766 671 815 tracta
685 756 767 814 ratio
786 752 825 836 est
845 754 882 811 acl
898 774 986 814 com·

15 893 31 920 .
54 843 485 926 menticiosetfictosdeos;
507 871 656 933 quaeres
679 838 899 935 genuitfalsas
920 853 1002 931 opi!
1074 853 1076 857 ’
1173 932 1176 939 Ι

55 949 192 1026 aiones,
221 967 408 1028 erroresque
436 951 661 1024 turbulentae,
694 964 725 1010 et
752 947 987 1028 superstitiones

55 1065 161 1127 paene
186 1045 299 1133 aniles.
343 1049 383 1106 Et
412 1046 535 1110 formae
557 1049 649 1108 enim
671 1048 764 1107 nobis
786 1047 936 1119 deorum,
957 1057 988 1104 et

56 1150 189 1216 aetates,
216 1158 247 1204 et
276 1141 406 1204 vellitus
434 1158 628 1225 orrtatusque
655 1147 727 1205 noti
755 1144 846 1214 sunt;
872 1163 989 1226 genera
1085 1166 1096 1184 ν

53 1238 235 1320 praeterea,
254 1241 420 1324 conjugia,
442 1245 664 1324 cognationes,
689 1244 862 1320 omniaque
885 1241 989 1299 tradu-

21 1339 25 1345 '
56 1349 108 1397 cta
122 1338 421 1399 adrfimilitudinem
442 1339 671 1400 imbecillitatis
686 1337 858 1408 humanae.
902 1339 990 1399 Nam

56 1446 91 1494 et
106 1436 296 1513 perturbatis
311 1438 428 1521 animis
452 1437 673 1498 inducuntur:
699 1439 874 1516 accipimus
896 1437 989 1495 enim

52 1530 199 1591 'deorum
220 1534 425 1618 cupiditates,
444 1536 679 1617 aegritudines,
702 1535 899 1593 iracundias:
920 1527 989 1615 Jnec

55 1643 148 1703 vero,
170 1641 207 1689 ut
221 1629 347 1692 fabulae
361 1631 483 1708 serunt,
505 1633 549 1693 dii
564 1623 656 1693 bellis
674 1630 867 1713 proeliisque
884 1649 990 1689 carue·
1036 1696 1039 1701 ,
1066 1666 1069 1670 ·

42 1739 156 1811 ⁸runt:
182 1746 251 1787 non
275 1726 381 1788 solum
400 1743 438 1788 ut
461 1730 544 1810 apud
568 1732 772 1802 Homerum,
796 1724 902 1808 quur'n
922 1727 988 1787 duo

59 1825 218 1886 exercitus
240 1828 413 1885 contrarios
434 1826 490 1885 blii
510 1828 555 1885 clii
576 1844 616 1887 ex
637 1829 695 1888 alia
724 1839 813 1905 parte
835 1825 990 1884 defende-

58 1934 143 1997 rent,
165 1920 216 1981 sed
237 1914 347 1996 etiarn,
369 1911 407 1981 ut
416 1937 506 1982 ‘cum
525 1925 664 1998 Titanis,
690 1936 728 1982 ut
747 1941 826 1983 cum
845 1922 990 2006 Giganti·

10 2067 15 2077 .
58 2013 212 2096 bus,'sua
231 2022 356 2102 propria
375 2021 457 2082 bella
478 2018 649 2106 gesserunt.

145 2212 268 2276 Multae
282 2229 393 2277 autem
408 2217 486 2278 aliae
498 2230 631 2277 naturae
646 2214 786 2291 deorum
806 2233 846 2274 ex
864 2214 992 2296 magnis
1005 2228 1077 2286 itm,
1090 2233 1134 2290 25,

59 2313 224 2377 beneficiis
238 2333 353 2377 eorum
367 2310 435 2374 non
451 2315 519 2385 fine*
531 2313 620 2374 causa
634 2328 693 2374 eta
709 2313 858 2374 Graeciae
874 2310 993 2392 sapien·
1003 2360 1016 2387 ι,

59 2406 189 2474 tiffimis
212 2426 243 2473 et
265 2411 477 2489 amajoribus
499 2410 613 2471 nostris
635 2409 822 2471 constitutae
842 2413 993 2470 nomina·
1029 2450 1032 2455 «

61 2523 179 2589 taeque
200 2508 283 2570 sunt.
335 2510 501 2595 Quidquid
529 2511 621 2570 enim
642 2528 799 2591 magnam
819 2509 995 2568 utilitatem

53 2608 174 2694 'generi
186 2606 311 2697 afferret
324 2610 482 2682 humanu,
501 2606 533 2668 id
555 2607 702 2667 nonline
724 2605 832 2666 divina
852 2606 995 2678 bonitate

61 2726 139 2790 erga
152 2705 303 2765 homines
316 2706 383 2766 fieri
400 2705 642 2767 arbitrabantur.
683 2698 792 2780 ltaqb'e
812 2715 885 2762 tum
901 2703 994 2779 illud,

63 2803 152 2887 quod
172 2815 237 2863 erat
257 2825 274 2863 a
295 2804 355 2864 deo
373 2805 500 2877 datum,
520 2801 658 2860 nomine
679 2797 774 2878 ipsius
792 2798 843 2859 dei
866 2819 993 2858 nuncu·

61 2904 199 2987 pabant3
228 2914 302 2961 tum
316 2913 429 2961 autem
442 2892 588 2980 resipsa,
615 2900 650 2958 in
670 2915 731 2975 qua
753 2897 802 2958 vis
822 2895 902 2957 inest
923 2915 995 2973 may

61 3000 116 3081 jor
131 2999 244 3080 aliqua,
268 3000 307 3058 fic
322 2999 507 3080 appellatur,
527 3009 565 3058 ut
584 3015 619 3057 ea
641 2992 706 3076 ipsa
731 2996 780 3054 vis
802 2995 995 3053 nominetur

40 3078 158 3160 xdeus.
190 3131 232 3145 -
260 3095 403 3178 Suscepit
427 3113 585 3183 praetcrea
616 3095 684 3169 ,vita
712 3093 892 3153 hominum
920 3109 1004 3163 con·‚

64 3196 264 3277 suetudoque
299 3196 506 3285 communis,
538 3206 577 3253 ut
606 3191 768 3252 beneficiis
799 3189 995 3251 'excellentes

55 3298 152 3377 ,viros
174 3297 210 3355 in
232 3293 362 3352 coelum
383 3290 469 3352 fama
487 3310 522 3352 ac
541 3289 708 3349 voluntate
730 3289 888 3348 tollerent.
910 3288 996 3346 Hinc

59 3380 231 3468 Hercules,
250 3391 328 3476 hinc
347 3387 455 3452 Castor
475 3402 507 3450 et
528 3386 657 3463 Pollux,
678 3387 755 3448 hinc
775 3385 995 3466 Aesculapius,

56 3493 143 3557 uine
158 3492 254 3554 Liber
277 3490 385 3581 etiam,

149 3687 334 3767 Antiquitas
356 3682 470 3763 recipit
499 3668 642 3759 fabulas,
672 3680 755 3743 fictas
781 3677 879 3738 etiam
903 3694 992 3738 non.
1007 3686 1121 3762 fragm.

59 3806 242 3871 nunquam
264 3781 437 3847 incondite.
561 3834 566 3839 .
1006 3768 1127 3832 μου.

383 3875 395 3903 ὁ

840 3988 845 3996 ·
917 3966 996 4032 HO-
