<?xml version="1.0" encoding="UTF-8"?>
<!DOCTYPE html PUBLIC "-//W3C//DTD XHTML 1.0 Transitional//EN"
    "http://www.w3.org/TR/xhtml1/DTD/xhtml1-transitional.dtd">
<html xmlns="http://www.w3.org/1999/xhtml" xml:lang="en" lang="en">
 <head>
  <title>
</title>
<meta http-equiv="Content-Type" content="text/html;charset=utf-8" />
  <meta name='ocr-system' content='tesseract 3.04.00' />
  <meta name='ocr-capabilities' content='ocr_page ocr_carea ocr_par ocr_line ocrx_word'/>
</head>
<body>
  <div class='ocr_page' id='page_1' title='image "./mtulliiciceroni00gedigoog_0430.png"; bbox 0 0 2476 4576; ppageno 0'>
   <div class='ocr_carea' id='block_1_1' title="bbox 176 254 997 372">
    <p class='ocr_par' dir='ltr' id='par_1_1' title="bbox 117 254 997 387">
     <span class='ocr_line' id='line_1_1' title="bbox 176 254 997 372; baseline 0.023 -19.659"><span class='ocrx_word' id='word_1_1' title='bbox 176 302 181 311; x_wconf 88' lang='lat'><em>·</em></span> <span class='ocrx_word' id='word_1_2' title='bbox 212 328 250 372; x_wconf 45' lang='grc' dir='ltr'>ι,</span> <span class='ocrx_word' id='word_1_3' title='bbox 323 293 423 359; x_wconf 84' lang='lat' dir='ltr'>xtv.</span> <span class='ocrx_word' id='word_1_4' title='bbox 449 280 587 359; x_wconf 71' lang='lat' dir='ltr'>storo.</span> <span class='ocrx_word' id='word_1_5' title='bbox 612 254 747 356; x_wconf 58' lang='lat' dir='ltr'>zoro(</span> <span class='ocrx_word' id='word_1_6' title='bbox 858 336 862 343; x_wconf 80' lang='lat'>.</span> <span class='ocrx_word' id='word_1_7' title='bbox 899 302 997 370; x_wconf 64' lang='grc' dir='ltr'>ἰιι</span> 
     </span>
    </p>
   </div>
   <div class='ocr_carea' id='block_1_2' title="bbox 9 460 1226 3587">
    <p class='ocr_par' dir='ltr' id='par_1_2' title="bbox 24 460 995 744">
     <span class='ocr_line' id='line_1_2' title="bbox 24 460 994 550; baseline -0.008 -17"><span class='ocrx_word' id='word_1_8' title='bbox 24 466 31 471; x_wconf 75' lang='grc'><strong>’</strong></span> <span class='ocrx_word' id='word_1_9' title='bbox 59 470 207 533; x_wconf 80' lang='lat' dir='ltr'>sumeret</span> <span class='ocrx_word' id='word_1_10' title='bbox 222 466 381 530; x_wconf 83' lang='lat' dir='ltr'>contra&#39;ria</span> <span class='ocrx_word' id='word_1_11' title='bbox 397 470 591 546; x_wconf 84' lang='lat' dir='ltr'>autemnon</span> <span class='ocrx_word' id='word_1_12' title='bbox 610 467 732 550; x_wconf 81' lang='lat' dir='ltr'>fugere,</span> <span class='ocrx_word' id='word_1_13' title='bbox 749 462 800 527; x_wconf 87' lang='lat' dir='ltr'>sed</span> <span class='ocrx_word' id='word_1_14' title='bbox 821 460 994 526; x_wconf 87' lang='lat' dir='ltr'>lec&#39;ernete.</span> 
     </span>
     <span class='ocr_line' id='line_1_3' title="bbox 60 556 995 655; baseline -0.004 -27"><span class='ocrx_word' id='word_1_15' title='bbox 60 569 150 655; x_wconf 89' lang='lat' dir='ltr'><strong>Quid</strong></span> <span class='ocrx_word' id='word_1_16' title='bbox 177 568 225 626; x_wconf 88' lang='lat' dir='ltr'>ait.</span> <span class='ocrx_word' id='word_1_17' title='bbox 240 564 451 641; x_wconf 75' lang='lat' dir='ltr'>Aristoteles,</span> <span class='ocrx_word' id='word_1_18' title='bbox 471 556 653 645; x_wconf 75' lang='lat' dir='ltr'>reliquique</span> <span class='ocrx_word' id='word_1_19' title='bbox 676 565 819 626; x_wconf 77' lang='lat' dir='ltr'>Platonis</span> <span class='ocrx_word' id='word_1_20' title='bbox 842 561 995 624; x_wconf 69' lang='lat' dir='ltr'>alumnis</span> 
     </span>
     <span class='ocr_line' id='line_1_4' title="bbox 59 660 995 744; baseline -0.01 -16"><span class='ocrx_word' id='word_1_21' title='bbox 59 667 102 728; x_wconf 83' lang='lat' dir='ltr'>Se</span> <span class='ocrx_word' id='word_1_22' title='bbox 121 667 247 733; x_wconf 82' lang='lat' dir='ltr'>omnia,</span> <span class='ocrx_word' id='word_1_23' title='bbox 262 683 343 744; x_wconf 86' lang='lat' dir='ltr'>quae</span> <span class='ocrx_word' id='word_1_24' title='bbox 363 661 546 724; x_wconf 83' lang='lat' dir='ltr'>secundum</span> <span class='ocrx_word' id='word_1_25' title='bbox 567 676 720 723; x_wconf 88' lang='lat' dir='ltr'>naturam</span> <span class='ocrx_word' id='word_1_26' title='bbox 738 662 807 736; x_wconf 88' lang='lat' dir='ltr'>lint,</span> <span class='ocrx_word' id='word_1_27' title='bbox 830 660 916 721; x_wconf 87' lang='lat' dir='ltr'>hona</span> <span class='ocrx_word' id='word_1_28' title='bbox 930 681 995 741; x_wconf 84' lang='lat' dir='ltr'>·ap·</span> 
     </span>
    </p>

    <p class='ocr_par' dir='ltr' id='par_1_3' title="bbox 14 759 997 1137">
     <span class='ocr_line' id='line_1_5' title="bbox 14 759 995 845; baseline -0.011 -20"><span class='ocrx_word' id='word_1_29' title='bbox 14 806 17 811; x_wconf 68' lang='grc'><em>»</em></span> <span class='ocrx_word' id='word_1_30' title='bbox 59 764 196 845; x_wconf 77' lang='lat' dir='ltr'>pellere:</span> <span class='ocrx_word' id='word_1_31' title='bbox 218 780 307 840; x_wconf 83' lang='lat' dir='ltr'>¹quae</span> <span class='ocrx_word' id='word_1_32' title='bbox 337 774 450 821; x_wconf 85' lang='lat' dir='ltr'>autem</span> <span class='ocrx_word' id='word_1_33' title='bbox 477 775 605 834; x_wconf 92' lang='lat' dir='ltr'>contra,</span> <span class='ocrx_word' id='word_1_34' title='bbox 627 759 722 821; x_wconf 88' lang='lat' dir='ltr'>mala.</span> <span class='ocrx_word' id='word_1_35' title='bbox 766 759 903 818; x_wconf 82' lang='lat' dir='ltr'>Videsne</span> <span class='ocrx_word' id='word_1_36' title='bbox 933 759 995 839; x_wconf 66' lang='lat' dir='ltr'>igi.</span> 
     </span>
     <span class='ocr_line' id='line_1_6' title="bbox 59 857 997 935; baseline -0.003 -13"><span class='ocrx_word' id='word_1_37' title='bbox 59 873 127 933; x_wconf 89' lang='lat' dir='ltr'>tur,</span> <span class='ocrx_word' id='word_1_38' title='bbox 142 862 311 922; x_wconf 86' lang='lat' dir='ltr'>Zenonem</span> <span class='ocrx_word' id='word_1_39' title='bbox 331 872 430 919; x_wconf 86' lang='lat' dir='ltr'>tuum</span> <span class='ocrx_word' id='word_1_40' title='bbox 452 878 531 919; x_wconf 85' lang='lat' dir='ltr'>cunt</span> <span class='ocrx_word' id='word_1_41' title='bbox 551 857 698 920; x_wconf 76' lang='lat' dir='ltr'>Aristone</span> <span class='ocrx_word' id='word_1_42' title='bbox 712 859 742 935; x_wconf 87' lang='lat'>(¹</span> <span class='ocrx_word' id='word_1_43' title='bbox 753 858 785 935; x_wconf 78' lang='lat'>¹)</span> <span class='ocrx_word' id='word_1_44' title='bbox 798 857 905 916; x_wconf 70' lang='lat' dir='ltr'>verbis</span> <span class='ocrx_word' id='word_1_45' title='bbox 917 870 997 920; x_wconf 79' lang='lat' dir='ltr'>con·</span> 
     </span>
     <span class='ocr_line' id='line_1_7' title="bbox 58 951 994 1033; baseline -0.01 -13"><span class='ocrx_word' id='word_1_46' title='bbox 58 959 173 1033; x_wconf 79' lang='lat' dir='ltr'>sistere,</span> <span class='ocrx_word' id='word_1_47' title='bbox 186 978 221 1018; x_wconf 89' lang='lat' dir='ltr'>re</span> <span class='ocrx_word' id='word_1_48' title='bbox 240 951 401 1016; x_wconf 81' lang='lat' dir='ltr'>diffideret</span> <span class='ocrx_word' id='word_1_49' title='bbox 427 976 506 1017; x_wconf 82' lang='lat' dir='ltr'>cunt</span> <span class='ocrx_word' id='word_1_50' title='bbox 526 955 697 1018; x_wconf 83' lang='lat' dir='ltr'>Aristotele</span> <span class='ocrx_word' id='word_1_51' title='bbox 721 968 753 1019; x_wconf 85' lang='lat' dir='ltr'>et</span> <span class='ocrx_word' id='word_1_52' title='bbox 775 952 994 1015; x_wconf 72' lang='lat' dir='ltr'>illie&#39;re‘con·</span> 
     </span>
     <span class='ocr_line' id='line_1_8' title="bbox 60 1052 996 1137; baseline -0.004 -19"><span class='ocrx_word' id='word_1_53' title='bbox 60 1055 200 1127; x_wconf 80' lang='lat' dir='ltr'>sentire,</span> <span class='ocrx_word' id='word_1_54' title='bbox 225 1055 332 1118; x_wconf 84' lang='lat' dir='ltr'>ver-bie</span> <span class='ocrx_word' id='word_1_55' title='bbox 351 1053 550 1135; x_wconf 75' lang='lat' dir='ltr'>discrepare?</span> <span class='ocrx_word' id='word_1_56' title='bbox 593 1054 661 1116; x_wconf 85' lang='lat' dir='ltr'>Cur</span> <span class='ocrx_word' id='word_1_57' title='bbox 682 1054 805 1137; x_wconf 81' lang='lat' dir='ltr'>igitur,</span> <span class='ocrx_word' id='word_1_58' title='bbox 828 1071 935 1132; x_wconf 87' lang='lat' dir='ltr'>quum</span> <span class='ocrx_word' id='word_1_59' title='bbox 954 1052 996 1114; x_wconf 83' lang='lat' dir='ltr'>de</span> 
     </span>
    </p>

    <p class='ocr_par' dir='ltr' id='par_1_4' title="bbox 9 1149 1007 1232">
     <span class='ocr_line' id='line_1_9' title="bbox 9 1149 1007 1232; baseline -0.009 -19"><span class='ocrx_word' id='word_1_60' title='bbox 9 1204 13 1213; x_wconf 89' lang='lat'>.</span> <span class='ocrx_word' id='word_1_61' title='bbox 59 1170 97 1215; x_wconf 83' lang='lat' dir='ltr'>re</span> <span class='ocrx_word' id='word_1_62' title='bbox 118 1154 380 1225; x_wconf 83' lang='lat' dir='ltr'>conveniat,non</span> <span class='ocrx_word' id='word_1_63' title='bbox 400 1152 557 1214; x_wconf 83' lang='lat' dir='ltr'>malimus</span> <span class='ocrx_word' id='word_1_64' title='bbox 575 1153 687 1213; x_wconf 79' lang='lat' dir='ltr'>utitate</span> <span class='ocrx_word' id='word_1_65' title='bbox 708 1149 820 1232; x_wconf 77' lang='lat' dir='ltr'>loqui?</span> <span class='ocrx_word' id='word_1_66' title='bbox 850 1158 916 1212; x_wconf 80' lang='lat' dir='ltr'>Aut</span> <span class='ocrx_word' id='word_1_67' title='bbox 937 1151 1007 1215; x_wconf 80' lang='lat' dir='ltr'>do..-</span> 
     </span>
    </p>

    <p class='ocr_par' dir='ltr' id='par_1_5' title="bbox 16 1250 1077 1524">
     <span class='ocr_line' id='line_1_10' title="bbox 16 1250 1028 1343; baseline -0.003 -30"><span class='ocrx_word' id='word_1_68' title='bbox 16 1328 24 1343; x_wconf 35' lang='lat'><em>)</em></span> <span class='ocrx_word' id='word_1_69' title='bbox 61 1265 141 1333; x_wconf 65' lang='lat' dir='ltr'>cert,</span> <span class='ocrx_word' id='word_1_70' title='bbox 160 1252 356 1331; x_wconf 79' lang='lat' dir='ltr'>paratiorem</span> <span class='ocrx_word' id='word_1_71' title='bbox 376 1269 434 1311; x_wconf 88' lang='lat' dir='ltr'>me</span> <span class='ocrx_word' id='word_1_72' title='bbox 456 1251 495 1309; x_wconf 89' lang='lat' dir='ltr'>ad</span> <span class='ocrx_word' id='word_1_73' title='bbox 519 1250 797 1325; x_wconf 76' lang='lat' dir='ltr'>contemnendam</span> <span class='ocrx_word' id='word_1_74' title='bbox 820 1251 998 1330; x_wconf 82' lang='lat' dir='ltr'>pecuniam</span> <span class='ocrx_word' id='word_1_75' title='bbox 1024 1272 1028 1277; x_wconf 93' lang='lat'><em>·</em></span> 
     </span>
     <span class='ocr_line' id='line_1_11' title="bbox 62 1347 1077 1428; baseline -0.004 -19"><span class='ocrx_word' id='word_1_76' title='bbox 62 1348 202 1428; x_wconf 51' lang='lat' dir='ltr'>iore,lix</span> <span class='ocrx_word' id='word_1_77' title='bbox 205 1347 356 1407; x_wconf 78' lang='lat' dir='ltr'>illumin</span> <span class='ocrx_word' id='word_1_78' title='bbox 364 1349 474 1407; x_wconf 86' lang='lat' dir='ltr'>&#39;rebus</span> <span class='ocrx_word' id='word_1_79' title='bbox 496 1348 692 1427; x_wconf 79' lang='lat' dir='ltr'>praepositis,</span> <span class='ocrx_word' id='word_1_80' title='bbox 715 1364 814 1425; x_wconf 87' lang='lat' dir='ltr'>quarn</span> <span class='ocrx_word' id='word_1_81' title='bbox 836 1347 888 1407; x_wconf 82' lang='lat' dir='ltr'>st</span> <span class='ocrx_word' id='word_1_82' title='bbox 881 1366 915 1405; x_wconf 87' lang='grc' dir='ltr'>ιιι</span> <span class='ocrx_word' id='word_1_83' title='bbox 937 1349 999 1408; x_wconf 68' lang='lat' dir='ltr'>bo«</span> <span class='ocrx_word' id='word_1_84' title='bbox 1074 1378 1077 1387; x_wconf 91' lang='lat'>·</span> 
     </span>
     <span class='ocr_line' id='line_1_12' title="bbox 60 1445 998 1524; baseline -0.002 -16"><span class='ocrx_word' id='word_1_85' title='bbox 60 1448 131 1508; x_wconf 85' lang='lat' dir='ltr'>nie·</span> <span class='ocrx_word' id='word_1_86' title='bbox 128 1447 284 1507; x_wconf 77' lang='lat' dir='ltr'>dutxero</span> <span class='ocrx_word' id='word_1_87' title='bbox 307 1445 580 1522; x_wconf 78' lang='lat' dir='ltr'>fortioremque</span> <span class='ocrx_word' id='word_1_88' title='bbox 571 1465 608 1504; x_wconf 93' lang='grc' dir='ltr'>ιιι</span> <span class='ocrx_word' id='word_1_89' title='bbox 636 1446 787 1524; x_wconf 87' lang='lat' dir='ltr'>patiendo</span> <span class='ocrx_word' id='word_1_90' title='bbox 813 1445 951 1520; x_wconf 89' lang='lat' dir='ltr'>dolore,</span> <span class='ocrx_word' id='word_1_91' title='bbox 973 1445 998 1506; x_wconf 87' lang='lat' dir='ltr'>li</span> 
     </span>
    </p>

    <p class='ocr_par' dir='ltr' id='par_1_6' title="bbox 16 1536 996 1718">
     <span class='ocr_line' id='line_1_13' title="bbox 16 1536 996 1623; baseline -0.003 -17"><span class='ocrx_word' id='word_1_92' title='bbox 16 1548 22 1555; x_wconf 85' lang='lat'>&#39;</span> <span class='ocrx_word' id='word_1_93' title='bbox 62 1563 145 1606; x_wconf 86' lang='lat' dir='ltr'>eum</span> <span class='ocrx_word' id='word_1_94' title='bbox 166 1540 327 1623; x_wconf 82' lang='lat' dir='ltr'>asperum,</span> <span class='ocrx_word' id='word_1_95' title='bbox 342 1555 375 1600; x_wconf 90' lang='lat' dir='ltr'>et</span> <span class='ocrx_word' id='word_1_96' title='bbox 396 1536 561 1601; x_wconf 88' lang='lat' dir='ltr'>difficilem</span> <span class='ocrx_word' id='word_1_97' title='bbox 583 1541 742 1623; x_wconf 83' lang='lat' dir='ltr'>perpessu,</span> <span class='ocrx_word' id='word_1_98' title='bbox 757 1557 788 1604; x_wconf 91' lang='lat' dir='ltr'>et</span> <span class='ocrx_word' id='word_1_99' title='bbox 811 1552 920 1602; x_wconf 80' lang='lat' dir='ltr'>contra</span> <span class='ocrx_word' id='word_1_100' title='bbox 940 1563 996 1603; x_wconf 87' lang='lat' dir='ltr'>na·</span> 
     </span>
     <span class='ocr_line' id='line_1_14' title="bbox 62 1637 999 1718; baseline -0.002 -14"><span class='ocrx_word' id='word_1_101' title='bbox 62 1657 173 1704; x_wconf 88' lang='lat' dir='ltr'>turam</span> <span class='ocrx_word' id='word_1_102' title='bbox 204 1638 289 1713; x_wconf 82' lang='lat' dir='ltr'>else,</span> <span class='ocrx_word' id='word_1_103' title='bbox 318 1658 418 1718; x_wconf 87' lang='lat' dir='ltr'>quam</span> <span class='ocrx_word' id='word_1_104' title='bbox 444 1637 475 1703; x_wconf 81' lang='lat' dir='ltr'>si</span> <span class='ocrx_word' id='word_1_105' title='bbox 496 1637 623 1698; x_wconf 87' lang='lat' dir='ltr'>malurn</span> <span class='ocrx_word' id='word_1_106' title='bbox 653 1641 773 1700; x_wconf 86' lang='lat' dir='ltr'>dixero.</span> <span class='ocrx_word' id='word_1_107' title='bbox 816 1640 926 1700; x_wconf 83' lang='lat' dir='ltr'>Facete</span> <span class='ocrx_word' id='word_1_108' title='bbox 952 1642 999 1703; x_wconf 83' lang='lat' dir='ltr'>M.</span> 
     </span>
    </p>

    <p class='ocr_par' dir='ltr' id='par_1_7' title="bbox 61 1726 1113 2309">
     <span class='ocr_line' id='line_1_15' title="bbox 62 1726 1113 1816; baseline -0.001 -13"><span class='ocrx_word' id='word_1_109' title='bbox 62 1739 147 1815; x_wconf 85' lang='lat' dir='ltr'>Piso,</span> <span class='ocrx_word' id='word_1_110' title='bbox 169 1738 336 1799; x_wconf 82' lang='lat' dir='ltr'>familiaris</span> <span class='ocrx_word' id='word_1_111' title='bbox 359 1735 483 1810; x_wconf 89' lang='lat' dir='ltr'>noster,</span> <span class='ocrx_word' id='word_1_112' title='bbox 500 1736 637 1809; x_wconf 85' lang='lat' dir='ltr'>dicebat,</span> <span class='ocrx_word' id='word_1_113' title='bbox 658 1737 732 1816; x_wconf 84' lang='lat' dir='ltr'>plue</span> <span class='ocrx_word' id='word_1_114' title='bbox 755 1738 855 1798; x_wconf 90' lang='lat' dir='ltr'>tribui</span> <span class='ocrx_word' id='word_1_115' title='bbox 877 1740 1001 1801; x_wconf 80' lang='lat' dir='ltr'>divitiis</span> <span class='ocrx_word' id='word_1_116' title='bbox 1030 1726 1033 1731; x_wconf 41' lang='lat'><strong><em>¹</em></strong></span> <span class='ocrx_word' id='word_1_117' title='bbox 1103 1786 1113 1802; x_wconf 50' lang='lat' dir='ltr'><strong><em>s</em></strong></span> 
     </span>
     <span class='ocr_line' id='line_1_16' title="bbox 62 1835 1078 1916; baseline 0 -18"><span class='ocrx_word' id='word_1_118' title='bbox 62 1837 240 1911; x_wconf 82' lang='lat' dir='ltr'>aZenone,</span> <span class='ocrx_word' id='word_1_119' title='bbox 254 1838 309 1915; x_wconf 85' lang='lat' dir='ltr'>qni</span> <span class='ocrx_word' id='word_1_120' title='bbox 332 1853 384 1894; x_wconf 84' lang='lat' dir='ltr'>eae</span> <span class='ocrx_word' id='word_1_121' title='bbox 406 1835 442 1892; x_wconf 85' lang='lat' dir='ltr'>in</span> <span class='ocrx_word' id='word_1_122' title='bbox 463 1835 645 1914; x_wconf 82' lang='lat' dir='ltr'>praepositis</span> <span class='ocrx_word' id='word_1_123' title='bbox 667 1849 820 1914; x_wconf 89' lang='lat' dir='ltr'>poneret,</span> <span class='ocrx_word' id='word_1_124' title='bbox 835 1857 935 1916; x_wconf 88' lang='lat' dir='ltr'>quant</span> <span class='ocrx_word' id='word_1_125' title='bbox 958 1838 1017 1904; x_wconf 87' lang='lat' dir='ltr'>ab‘</span> <span class='ocrx_word' id='word_1_126' title='bbox 1075 1838 1078 1845; x_wconf 84' lang='lat'>&#39;</span> 
     </span>
     <span class='ocr_line' id='line_1_17' title="bbox 61 1929 1033 2012; baseline -0.002 -14"><span class='ocrx_word' id='word_1_127' title='bbox 61 1932 254 2012; x_wconf 84' lang='lat' dir='ltr'>Aristotele,</span> <span class='ocrx_word' id='word_1_128' title='bbox 278 1935 334 2012; x_wconf 91' lang='lat' dir='ltr'>qui</span> <span class='ocrx_word' id='word_1_129' title='bbox 358 1934 488 1993; x_wconf 90' lang='lat' dir='ltr'>bonum</span> <span class='ocrx_word' id='word_1_130' title='bbox 510 1929 570 1991; x_wconf 83' lang='lat' dir='ltr'>elle</span> <span class='ocrx_word' id='word_1_131' title='bbox 592 1931 719 2011; x_wconf 81' lang='lat' dir='ltr'>divitias</span> <span class='ocrx_word' id='word_1_132' title='bbox 750 1932 923 2010; x_wconf 82' lang='lat' dir='ltr'>fateretur&#39;,</span> <span class='ocrx_word' id='word_1_133' title='bbox 945 1935 1000 1996; x_wconf 84' lang='lat' dir='ltr'>led</span> <span class='ocrx_word' id='word_1_134' title='bbox 1023 1955 1033 1967; x_wconf 80' lang='lat'><strong><em>¹</em></strong></span> 
     </span>
     <span class='ocr_line' id='line_1_18' title="bbox 63 2028 1001 2115; baseline 0.001 -22"><span class='ocrx_word' id='word_1_135' title='bbox 63 2051 127 2094; x_wconf 88' lang='lat' dir='ltr'>nec</span> <span class='ocrx_word' id='word_1_136' title='bbox 146 2050 310 2115; x_wconf 76' lang='lat' dir='ltr'>inagnum</span> <span class='ocrx_word' id='word_1_137' title='bbox 330 2033 494 2104; x_wconf 82' lang='lat' dir='ltr'>-bonutn,</span> <span class='ocrx_word' id='word_1_138' title='bbox 521 2042 552 2089; x_wconf 87' lang='lat' dir='ltr'>et</span> <span class='ocrx_word' id='word_1_139' title='bbox 576 2048 651 2109; x_wconf 88' lang='lat' dir='ltr'>prae</span> <span class='ocrx_word' id='word_1_140' title='bbox 679 2028 772 2090; x_wconf 84' lang='lat' dir='ltr'>rectis</span> <span class='ocrx_word' id='word_1_141' title='bbox 794 2031 1001 2114; x_wconf 79' lang='lat' dir='ltr'>honestisque</span> 
     </span>
     <span class='ocr_line' id='line_1_19' title="bbox 63 2125 1001 2212; baseline 0.002 -21"><span class='ocrx_word' id='word_1_142' title='bbox 63 2129 350 2192; x_wconf 88' lang='lat' dir='ltr'>contemnendum</span> <span class='ocrx_word' id='word_1_143' title='bbox 371 2138 407 2186; x_wconf 83' lang='lat' dir='ltr'>ac</span> <span class='ocrx_word' id='word_1_144' title='bbox 427 2125 697 2206; x_wconf 85' lang='lat' dir='ltr'>despiciendum,</span> <span class='ocrx_word' id='word_1_145' title='bbox 718 2147 781 2190; x_wconf 88' lang='lat' dir='ltr'>nec</span> <span class='ocrx_word' id='word_1_146' title='bbox 799 2148 1001 2212; x_wconf 75' lang='lat' dir='ltr'>magnopere</span> 
     </span>
     <span class='ocr_line' id='line_1_20' title="bbox 64 2226 1001 2309; baseline 0 -19"><span class='ocrx_word' id='word_1_147' title='bbox 64 2226 310 2309; x_wconf 80' lang='lat' dir='ltr'>expetendum:</span> <span class='ocrx_word' id='word_1_148' title='bbox 337 2226 541 2304; x_wconf 88' lang='lat' dir='ltr'>omninoque</span> <span class='ocrx_word' id='word_1_149' title='bbox 564 2227 603 2285; x_wconf 88' lang='lat' dir='ltr'>de</span> <span class='ocrx_word' id='word_1_150' title='bbox 630 2228 786 2287; x_wconf 81' lang='lat' dir='ltr'>ornnibur</span> <span class='ocrx_word' id='word_1_151' title='bbox 808 2226 871 2289; x_wconf 83' lang='lat' dir='ltr'>istis</span> <span class='ocrx_word' id='word_1_152' title='bbox 891 2230 1001 2291; x_wconf 86' lang='lat' dir='ltr'>verbie</span> 
     </span>
    </p>

    <p class='ocr_par' dir='ltr' id='par_1_8' title="bbox 63 2320 1002 2508">
     <span class='ocr_line' id='line_1_21' title="bbox 63 2320 1002 2405; baseline 0 -17"><span class='ocrx_word' id='word_1_153' title='bbox 63 2347 83 2388; x_wconf 89' lang='grc' dir='ltr'>ιι</span> <span class='ocrx_word' id='word_1_154' title='bbox 104 2326 236 2387; x_wconf 84' lang='lat' dir='ltr'>Zenone</span> <span class='ocrx_word' id='word_1_155' title='bbox 257 2324 392 2384; x_wconf 85' lang='lat' dir='ltr'>mutatis</span> <span class='ocrx_word' id='word_1_156' title='bbox 413 2325 456 2383; x_wconf 88' lang='lat' dir='ltr'>ita</span> <span class='ocrx_word' id='word_1_157' title='bbox 479 2320 665 2403; x_wconf 85' lang='lat' dir='ltr'>disputabat,</span> <span class='ocrx_word' id='word_1_158' title='bbox 686 2339 718 2385; x_wconf 91' lang='lat' dir='ltr'>et</span> <span class='ocrx_word' id='word_1_159' title='bbox 739 2327 820 2405; x_wconf 79' lang='lat' dir='ltr'>quae</span> <span class='ocrx_word' id='word_1_160' title='bbox 841 2327 1002 2389; x_wconf 89' lang='lat' dir='ltr'>bonane</span> 
     </span>
     <span class='ocr_line' id='line_1_22' title="bbox 65 2419 1001 2523; baseline 0.004 -38"><span class='ocrx_word' id='word_1_161' title='bbox 65 2426 237 2523; x_wconf 72' lang='lat' dir='ltr'>gerentur</span> <span class='ocrx_word' id='word_1_162' title='bbox 234 2419 302 2484; x_wconf 83' lang='lat' dir='ltr'>elle</span> <span class='ocrx_word' id='word_1_163' title='bbox 324 2421 363 2481; x_wconf 85' lang='lat' dir='ltr'>ab</span> <span class='ocrx_word' id='word_1_164' title='bbox 386 2439 424 2481; x_wconf 90' lang='lat' dir='ltr'>eo</span> <span class='ocrx_word' id='word_1_165' title='bbox 432 2433 489 2496; x_wconf 84' lang='lat' dir='ltr'>‚et</span> <span class='ocrx_word' id='word_1_166' title='bbox 510 2440 602 2500; x_wconf 88' lang='lat' dir='ltr'>quae</span> <span class='ocrx_word' id='word_1_167' title='bbox 598 2423 716 2498; x_wconf 86' lang='lat' dir='ltr'>mala,</span> <span class='ocrx_word' id='word_1_168' title='bbox 738 2423 791 2483; x_wconf 89' lang='lat' dir='ltr'>illa</span> <span class='ocrx_word' id='word_1_169' title='bbox 813 2423 1001 2513; x_wconf 72' lang='lat' dir='ltr'>laetioribus</span> 
     </span>
    </p>

    <p class='ocr_par' dir='ltr' id='par_1_9' title="bbox 35 2506 1067 2682">
     <span class='ocr_line' id='line_1_23' title="bbox 35 2506 1067 2601; baseline 0.009 -22"><span class='ocrx_word' id='word_1_170' title='bbox 35 2572 42 2579; x_wconf 93' lang='lat'>.</span> <span class='ocrx_word' id='word_1_171' title='bbox 65 2506 263 2585; x_wconf 79' lang='lat' dir='ltr'>nominibus</span> <span class='ocrx_word' id='word_1_172' title='bbox 281 2520 320 2581; x_wconf 90' lang='lat' dir='ltr'>ab</span> <span class='ocrx_word' id='word_1_173' title='bbox 342 2538 381 2580; x_wconf 90' lang='lat' dir='ltr'>eo</span> <span class='ocrx_word' id='word_1_174' title='bbox 409 2519 589 2600; x_wconf 87' lang='lat' dir='ltr'>appellari,</span> <span class='ocrx_word' id='word_1_175' title='bbox 615 2540 715 2601; x_wconf 86' lang='lat' dir='ltr'>quam</span> <span class='ocrx_word' id='word_1_176' title='bbox 738 2543 755 2584; x_wconf 95' lang='lat' dir='ltr'>a</span> <span class='ocrx_word' id='word_1_177' title='bbox 777 2523 900 2600; x_wconf 84' lang='lat' dir='ltr'>nobis,</span> <span class='ocrx_word' id='word_1_178' title='bbox 922 2522 1007 2588; x_wconf 71' lang='lat' dir='ltr'>haee</span> <span class='ocrx_word' id='word_1_179' title='bbox 1060 2580 1067 2595; x_wconf 86' lang='grc'><em>,</em></span> 
     </span>
     <span class='ocr_line' id='line_1_24' title="bbox 66 2619 268 2682; baseline -0.01 -2"><span class='ocrx_word' id='word_1_180' title='bbox 66 2619 268 2682; x_wconf 83' lang='lat' dir='ltr'>tristioribus.</span> 
     </span>
    </p>

    <p class='ocr_par' dir='ltr' id='par_1_10' title="bbox 20 2698 1221 3099">
     <span class='ocr_line' id='line_1_25' title="bbox 20 2698 1216 2798; baseline 0.001 -21"><span class='ocrx_word' id='word_1_181' title='bbox 20 2698 28 2715; x_wconf 42' lang='lat'><strong>⁸</strong></span> <span class='ocrx_word' id='word_1_182' title='bbox 68 2722 73 2743; x_wconf 80' lang='lat'>⁸</span> <span class='ocrx_word' id='word_1_183' title='bbox 151 2717 185 2780; x_wconf 86' lang='lat' dir='ltr'>A</span> <span class='ocrx_word' id='word_1_184' title='bbox 192 2702 332 2777; x_wconf 88' lang='lat' dir='ltr'>Zenone</span> <span class='ocrx_word' id='word_1_185' title='bbox 352 2713 414 2774; x_wconf 93' lang='lat' dir='ltr'>hoc</span> <span class='ocrx_word' id='word_1_186' title='bbox 438 2713 610 2798; x_wconf 81' lang='lat' dir='ltr'>magnifice</span> <span class='ocrx_word' id='word_1_187' title='bbox 632 2726 789 2797; x_wconf 89' lang='lat' dir='ltr'>tanquam</span> <span class='ocrx_word' id='word_1_188' title='bbox 811 2737 850 2780; x_wconf 85' lang='lat' dir='ltr'>ex</span> <span class='ocrx_word' id='word_1_189' title='bbox 872 2712 1002 2785; x_wconf 87' lang='lat' dir='ltr'>ora&#39;culo</span> <span class='ocrx_word' id='word_1_190' title='bbox 1019 2717 1170 2797; x_wconf 80' lang='lat' dir='ltr'>Fin.5,27.</span> <span class='ocrx_word' id='word_1_191' title='bbox 1213 2752 1216 2757; x_wconf 89' lang='lat'>·</span> 
     </span>
     <span class='ocr_line' id='line_1_26' title="bbox 67 2809 1065 2895; baseline 0.006 -18"><span class='ocrx_word' id='word_1_192' title='bbox 67 2815 204 2877; x_wconf 85' lang='lat' dir='ltr'>dicitur:</span> <span class='ocrx_word' id='word_1_193' title='bbox 225 2814 333 2873; x_wconf 78' lang='lat' dir='ltr'>Virtus</span> <span class='ocrx_word' id='word_1_194' title='bbox 352 2813 392 2871; x_wconf 92' lang='lat' dir='ltr'>ad</span> <span class='ocrx_word' id='word_1_195' title='bbox 403 2811 494 2871; x_wconf 87' lang='lat' dir='ltr'>beate</span> <span class='ocrx_word' id='word_1_196' title='bbox 507 2809 740 2882; x_wconf 68' lang='lat' dir='ltr'>vivendumie</span> <span class='ocrx_word' id='word_1_197' title='bbox 762 2814 827 2895; x_wconf 82' lang='lat' dir='ltr'>ipse</span> <span class='ocrx_word' id='word_1_198' title='bbox 851 2833 1002 2883; x_wconf 90' lang='lat' dir='ltr'>contenta</span> <span class='ocrx_word' id='word_1_199' title='bbox 1062 2874 1065 2883; x_wconf 90' lang='lat'>.</span> 
     </span>
     <span class='ocr_line' id='line_1_27' title="bbox 67 2901 1221 2998; baseline 0.003 -27"><span class='ocrx_word' id='word_1_200' title='bbox 67 2912 121 2975; x_wconf 84' lang='lat' dir='ltr'>est.</span> <span class='ocrx_word' id='word_1_201' title='bbox 166 2912 295 2997; x_wconf 86' lang='lat' dir='ltr'>Quare,</span> <span class='ocrx_word' id='word_1_202' title='bbox 317 2909 448 2989; x_wconf 71' lang='lat' dir='ltr'>inquiri</span> <span class='ocrx_word' id='word_1_203' title='bbox 470 2901 672 2989; x_wconf 82' lang='lat' dir='ltr'>Respondet:</span> <span class='ocrx_word' id='word_1_204' title='bbox 716 2909 812 2993; x_wconf 85' lang='lat' dir='ltr'>Quia,</span> <span class='ocrx_word' id='word_1_205' title='bbox 833 2915 892 2975; x_wconf 84' lang='lat' dir='ltr'>nist</span> <span class='ocrx_word' id='word_1_206' title='bbox 915 2918 1002 2998; x_wconf 86' lang='lat' dir='ltr'>quod</span> <span class='ocrx_word' id='word_1_207' title='bbox 1215 2952 1221 2979; x_wconf 63' lang='grc' dir='ltr'>ι</span> 
     </span>
     <span class='ocr_line' id='line_1_28' title="bbox 67 3003 1172 3099; baseline 0.005 -27"><span class='ocrx_word' id='word_1_208' title='bbox 67 3009 246 3072; x_wconf 83' lang='lat' dir='ltr'>honestum</span> <span class='ocrx_word' id='word_1_209' title='bbox 267 3003 334 3080; x_wconf 87' lang='lat' dir='ltr'>est,</span> <span class='ocrx_word' id='word_1_210' title='bbox 356 3006 492 3067; x_wconf 83' lang='lat' dir='ltr'>nullutn</span> <span class='ocrx_word' id='word_1_211' title='bbox 512 3006 554 3067; x_wconf 88' lang='lat' dir='ltr'>est</span> <span class='ocrx_word' id='word_1_212' title='bbox 571 3007 658 3068; x_wconf 86' lang='lat' dir='ltr'>aliud</span> <span class='ocrx_word' id='word_1_213' title='bbox 681 3009 869 3072; x_wconf 76' lang='lat' dir='ltr'>bonum-</span> <span class='ocrx_word' id='word_1_214' title='bbox 890 3018 1005 3080; x_wconf 88' lang='lat' dir='ltr'>Hone·</span> <span class='ocrx_word' id='word_1_215' title='bbox 1022 3023 1071 3078; x_wconf 78' lang='lat' dir='ltr'>Ae</span> <span class='ocrx_word' id='word_1_216' title='bbox 1085 3034 1111 3078; x_wconf 74' lang='grc' dir='ltr'>ι.</span> <span class='ocrx_word' id='word_1_217' title='bbox 1124 3032 1172 3099; x_wconf 84' lang='lat' dir='ltr'>4e.</span> 
     </span>
    </p>

    <p class='ocr_par' dir='ltr' id='par_1_11' title="bbox 11 3100 1004 3194">
     <span class='ocr_line' id='line_1_29' title="bbox 11 3100 1004 3194; baseline 0.008 -25"><span class='ocrx_word' id='word_1_218' title='bbox 11 3124 15 3133; x_wconf 88' lang='grc'>’</span> <span class='ocrx_word' id='word_1_219' title='bbox 55 3100 158 3169; x_wconf 73' lang='lat' dir='ltr'>¹stum</span> <span class='ocrx_word' id='word_1_220' title='bbox 179 3118 303 3178; x_wconf 88' lang='lat' dir='ltr'>autem,</span> <span class='ocrx_word' id='word_1_221' title='bbox 320 3105 407 3183; x_wconf 82' lang='lat' dir='ltr'>quod</span> <span class='ocrx_word' id='word_1_222' title='bbox 424 3102 560 3165; x_wconf 87' lang='lat' dir='ltr'>ducatur</span> <span class='ocrx_word' id='word_1_223' title='bbox 580 3124 597 3165; x_wconf 94' lang='lat' dir='ltr'>a</span> <span class='ocrx_word' id='word_1_224' title='bbox 614 3105 840 3172; x_wconf 86' lang='lat' dir='ltr'>conciliatione</span> <span class='ocrx_word' id='word_1_225' title='bbox 859 3127 1004 3194; x_wconf 87' lang='lat' dir='ltr'>naturae,</span> 
     </span>
    </p>

    <p class='ocr_par' dir='ltr' id='par_1_12' title="bbox 68 3201 688 3283">
     <span class='ocr_line' id='line_1_30' title="bbox 68 3201 688 3283; baseline -0.005 -16"><span class='ocrx_word' id='word_1_226' title='bbox 68 3206 158 3283; x_wconf 81' lang='lat' dir='ltr'>Zeno</span> <span class='ocrx_word' id='word_1_227' title='bbox 180 3202 286 3265; x_wconf 81' lang='lat' dir='ltr'>statuit</span> <span class='ocrx_word' id='word_1_228' title='bbox 307 3201 409 3262; x_wconf 87' lang='lat' dir='ltr'>finem</span> <span class='ocrx_word' id='word_1_229' title='bbox 429 3201 489 3264; x_wconf 85' lang='lat' dir='ltr'>effe</span> <span class='ocrx_word' id='word_1_230' title='bbox 511 3202 688 3264; x_wconf 87' lang='lat' dir='ltr'>bonorum.</span> 
     </span>
    </p>

    <p class='ocr_par' dir='ltr' id='par_1_13' title="bbox 25 3297 1171 3384">
     <span class='ocr_line' id='line_1_31' title="bbox 25 3297 1171 3384; baseline 0.007 -21"><span class='ocrx_word' id='word_1_231' title='bbox 25 3366 35 3377; x_wconf 70' lang='grc'><strong><em>,</em></strong></span> <span class='ocrx_word' id='word_1_232' title='bbox 154 3301 294 3363; x_wconf 79' lang='lat' dir='ltr'>Zenonis</span> <span class='ocrx_word' id='word_1_233' title='bbox 308 3298 484 3361; x_wconf 85' lang='lat' dir='ltr'>sententiae</span> <span class='ocrx_word' id='word_1_234' title='bbox 497 3297 572 3359; x_wconf 83' lang='lat' dir='ltr'>lunt</span> <span class='ocrx_word' id='word_1_235' title='bbox 591 3313 624 3360; x_wconf 85' lang='lat' dir='ltr'>et</span> <span class='ocrx_word' id='word_1_236' title='bbox 643 3315 809 3384; x_wconf 90' lang='lat' dir='ltr'>praecepta</span> <span class='ocrx_word' id='word_1_237' title='bbox 824 3303 1003 3382; x_wconf 78' lang='lat' dir='ltr'>eiusmodit</span> <span class='ocrx_word' id='word_1_238' title='bbox 1023 3325 1051 3377; x_wconf 88' lang='lat' dir='ltr'>p.</span> <span class='ocrx_word' id='word_1_239' title='bbox 1071 3306 1171 3363; x_wconf 73' lang='lat' dir='ltr'>Mure.</span> 
     </span>
    </p>

    <p class='ocr_par' dir='ltr' id='par_1_14' title="bbox 17 3386 1226 3587">
     <span class='ocr_line' id='line_1_32' title="bbox 17 3386 1226 3485; baseline 0.01 -24"><span class='ocrx_word' id='word_1_240' title='bbox 17 3480 22 3485; x_wconf 29' lang='grc' dir='ltr'>Ι</span> <span class='ocrx_word' id='word_1_241' title='bbox 69 3386 248 3482; x_wconf 76' lang='lat' dir='ltr'>lapie&#39;ntem</span> <span class='ocrx_word' id='word_1_242' title='bbox 266 3399 364 3481; x_wconf 81' lang='lat' dir='ltr'>gratia</span> <span class='ocrx_word' id='word_1_243' title='bbox 378 3414 552 3475; x_wconf 89' lang='lat' dir='ltr'>nunquam</span> <span class='ocrx_word' id='word_1_244' title='bbox 566 3401 1005 3485; x_wconf 67' lang='lat' dir='ltr'>moverimunquamcujus.</span> <span class='ocrx_word' id='word_1_245' title='bbox 1023 3395 1059 3430; x_wconf 75' lang='lat'>¹¹²</span> <span class='ocrx_word' id='word_1_246' title='bbox 1084 3395 1108 3433; x_wconf 78' lang='lat'>⁰·</span> <span class='ocrx_word' id='word_1_247' title='bbox 1124 3392 1172 3453; x_wconf 69' lang='lat'>&#39;²9&#39;</span> <span class='ocrx_word' id='word_1_248' title='bbox 1224 3468 1226 3473; x_wconf 81' lang='grc'>,</span> 
     </span>
     <span class='ocr_line' id='line_1_33' title="bbox 67 3491 1085 3587; baseline 0.009 -26"><span class='ocrx_word' id='word_1_249' title='bbox 67 3516 173 3583; x_wconf 86' lang='lat' dir='ltr'>quam</span> <span class='ocrx_word' id='word_1_250' title='bbox 199 3496 317 3559; x_wconf 86' lang='lat' dir='ltr'>delicto</span> <span class='ocrx_word' id='word_1_251' title='bbox 343 3491 506 3581; x_wconf 73' lang='lat' dir='ltr'>ignoscere</span> <span class='ocrx_word' id='word_1_252' title='bbox 518 3513 529 3567; x_wconf 84' lang='lat'>3</span> <span class='ocrx_word' id='word_1_253' title='bbox 557 3497 733 3560; x_wconf 87' lang='lat' dir='ltr'>neminem</span> <span class='ocrx_word' id='word_1_254' title='bbox 759 3499 1029 3587; x_wconf 72' lang='lat' dir='ltr'>misericordem,</span> <span class='ocrx_word' id='word_1_255' title='bbox 1083 3508 1085 3515; x_wconf 81' lang='grc'><em>’</em></span> 
     </span>
    </p>
   </div>
   <div class='ocr_carea' id='block_1_3' title="bbox 603 3591 1008 3695">
    <p class='ocr_par' dir='ltr' id='par_1_15' title="bbox 603 3591 1008 3695">
     <span class='ocr_line' id='line_1_34' title="bbox 603 3591 1008 3695; baseline 0.02 -32"><span class='ocrx_word' id='word_1_256' title='bbox 603 3591 675 3671; x_wconf 67' lang='grc' dir='ltr'><strong><em>Μ</em></strong></span> <span class='ocrx_word' id='word_1_257' title='bbox 800 3634 805 3649; x_wconf 63' lang='lat'><strong><em>¹</em></strong></span> <span class='ocrx_word' id='word_1_258' title='bbox 946 3602 1008 3695; x_wconf 78' lang='lat' dir='ltr'>elie</span> 
     </span>
    </p>
   </div>
   <div class='ocr_carea' id='block_1_4' title="bbox 107 3818 1006 4063">
    <p class='ocr_par' dir='ltr' id='par_1_16' title="bbox 107 3818 1006 4063">
     <span class='ocr_line' id='line_1_35' title="bbox 107 3818 1006 3898; baseline 0.014 -18"><span class='ocrx_word' id='word_1_259' title='bbox 107 3823 170 3894; x_wconf 83' lang='grc' dir='ltr'>(ιι)</span> <span class='ocrx_word' id='word_1_260' title='bbox 187 3823 248 3898; x_wconf 78' lang='lat' dir='ltr'>Qui</span> <span class='ocrx_word' id='word_1_261' title='bbox 270 3840 356 3877; x_wconf 88' lang='lat' dir='ltr'>omne</span> <span class='ocrx_word' id='word_1_262' title='bbox 384 3818 507 3877; x_wconf 87' lang='lat' dir='ltr'>omnino</span> <span class='ocrx_word' id='word_1_263' title='bbox 534 3835 703 3891; x_wconf 81' lang='lat' dir='ltr'>cunctarum</span> <span class='ocrx_word' id='word_1_264' title='bbox 727 3843 823 3883; x_wconf 85' lang='lat' dir='ltr'>rerum</span> <span class='ocrx_word' id='word_1_265' title='bbox 849 3826 1006 3893; x_wconf 81' lang='lat' dir='ltr'>discrimen</span> 
     </span>
     <span class='ocr_line' id='line_1_36' title="bbox 142 3888 1005 3981; baseline 0.013 -20"><span class='ocrx_word' id='word_1_266' title='bbox 142 3905 290 3973; x_wconf 71' lang='lat' dir='ltr'>tollebat,</span> <span class='ocrx_word' id='word_1_267' title='bbox 312 3904 375 3962; x_wconf 81' lang='lat' dir='ltr'>solo</span> <span class='ocrx_word' id='word_1_268' title='bbox 393 3904 532 3960; x_wconf 77' lang='lat' dir='ltr'>virtutis</span> <span class='ocrx_word' id='word_1_269' title='bbox 540 3918 569 3960; x_wconf 85' lang='lat' dir='ltr'>et</span> <span class='ocrx_word' id='word_1_270' title='bbox 586 3888 661 3961; x_wconf 84' lang='lat' dir='ltr'>vitii</span> <span class='ocrx_word' id='word_1_271' title='bbox 679 3922 799 3981; x_wconf 68' lang='lat' dir='ltr'>excepto</span> <span class='ocrx_word' id='word_1_272' title='bbox 824 3909 1005 3978; x_wconf 73' lang='lat' dir='ltr'>discrimine.</span> 
     </span>
     <span class='ocr_line' id='line_1_37' title="bbox 113 3981 430 4063; baseline -0.018 -17.493"><span class='ocrx_word' id='word_1_273' title='bbox 113 3988 208 4045; x_wconf 73' lang='lat' dir='ltr'>&#39;rid</span> <span class='ocrx_word' id='word_1_274' title='bbox 227 4005 345 4063; x_wconf 85' lang='lat' dir='ltr'>moxp.</span> <span class='ocrx_word' id='word_1_275' title='bbox 338 3981 430 4041; x_wconf 71' lang='lat'>..260</span> 
     </span>
    </p>
   </div>
   <div class='ocr_carea' id='block_1_5' title="bbox 0 0 1257 4576">
    <p class='ocr_par' dir='ltr' id='par_1_17' title="bbox 0 0 1257 4576">
     <span class='ocr_line' id='line_1_38' title="bbox 0 0 1257 4576; baseline 0 0"><span class='ocrx_word' id='word_1_276' title='bbox 0 0 1257 4576; x_wconf 95' lang='lat' dir='ltr'> </span> 
     </span>
    </p>
   </div>
  </div>
 </body>
</html>
