2476 4576
31 232 38 239 ¹
113 232 120 375 Ἰ
177 343 179 346 ⁴
214 278 283 350 152
333 266 600 349 Snor.,II.C.5.
617 225 1138 340 unsrunGnrnostic'rnn„

215 442 273 503 ctio
290 441 354 502 suia
370 443 523 515 cursibus,
539 434 578 503 ad
592 442 681 505 idern
694 455 789 524 ceput
801 442 997 518 retulerunt,
1020 454 1142 524 quum·

215 560 280 620 que
310 559 364 603 eoa
390 538 607 622 permensus
609 538 652 603 est
671 540 761 600 idem
784 554 816 603 et
836 540 963 621 semper
983 539 1044 602 sui·
1055 542 1143 603 iimi-

174 662 178 674 ·
215 636 255 699 lie
276 639 362 699 orbis
384 639 532 715 (⁴¹).-

221 783 224 789 .
299 737 517 816 Reliquorum
533 748 655 812 autem,
680 755 760 817 quos
779 735 892 799 Graeci
915 734 1077 814 δαιμοναι
1093 756 1159 822 ap·-

216 833 337 915 pellant
350 833 434 913 (⁴²),
447 831 546 895 nostri
568 830 715 917 (opinor)
738 835 844 910 Lares,
858 839 893 895 'et
905 833 993 896 nolle
1011 847 1045 894 et
1056 854 1143 897 nun·

1064 934 1143 995 tiarfl

252 1045 316 1113 (41)
332 1042 391 1099 Hic
410 1046 449 1100 est
466 1065 587 1122 mugnus
604 1047 658 1101 ille
678 1065 786 1113 annue,
805 1046 969 1102 Platonicae
985 1045 1095 1113 dictus,
1110 1044 1143 1100 tl·

286 1125 371 1194 cujus
390 1141 483 1183 tamen
501 1145 629 1202 tempore
648 1143 676 1183 et
695 1147 843 1183 annorum
849 1145 977 1196 nurnero
990 1128 1078 1183 vaide
1090 1126 1144 1183 dis·

286 1206 416 1263 sentiunt
429 1210 580 1268 Platonici.
599 1213 634 1264 In
645 1212 823 1286 Fragmentia
837 1210 987 1264 Ciceronis
1002 1209 1062 1276 (ed.
1075 1211 1144 1283 Erat

196 1305 198 1311 ·
284 1307 315 1361 p.
307 1293 415 1363 .1095)
428 1291 551 1368 legitur·
568 1293 678 1355 Annum
690 1312 819 1368 magnum
831 1288 1145 1366 essevolurrunt,ontni·

283 1368 339 1431 bus
348 1372 504 1444 planetis'
494 1396 524 1427 tn
542 1373 655 1426 eundern
672 1373 875 1426 recurrentibus
896 1371 995 1436 locunt)
1017 1371 1094 1444 quod
1103 1369 1144 1446 fit

285 1450 350 1525 post
360 1452 425 1506 XII
433 1454 507 1507 mlll'
497 1476 527 1507 ιιι
547 1468 715 1534 nongentos
727 1455 937 1525 quinquaginta
956 1458 1079 1524 qubtuor·
1098 1472 1145 1506 an·

287 1551 350 1589 nos.
367 1538 477 1606 Auctor
488 1552 561 1590 vero
574 1534 645 1588 libri
659 1535 692 1586 de
706 1537 792 1588 causis
803 1549 953 1606 corruptae
963 1533 1145 1606 eloquentite

290 1633 317 1666 c.
332 1614 375 1670 16.
394 1617 472 1671 huno
485 1614 635 1669 Ciceronia
653 1614 752 1668 locum
765 1634 801 1668 ex
817 1613 903 1668 illius
919 1615 1070 1668 Hortensio
1082 1631 1146 1688 pro«
1177 1638 1183 1650 =

242 1698 244 1707 ⁴
288 1694 361 1750 srtr
381 1699 431 1761 „1³
451 1697 489 1750 est
507 1714 629 1772 magunt
647 1710 674 1750 et
686 1713 780 1772 ¹veruo
797 1714 899 1760 annus,
914 1713 973 1768 quo
986 1691 1085 1750 endem
1097 1711 1146 1769 po·

289 1714 355 1829 snio
369 1778 444 1832 coeli
456 1777 643 1850 siderumque,
662 1797 811 1851 quaecum
829 1777 954 1831 maxime
972 1776 1022 1843 est,
1036 1773 1146 1831 rursum

222 1914 224 1926 Ι
289 1859 409 1924 exsistet,
425 1858 507 1932 isque
523 1878 613 1913 annus
624 1857 742 1923 horum,
759 1877 828 1931 quos
845 1874 991 1922 vocamus,
1005 1875 1146 1911 annorum

287 1941 347 1996 XII
364 1939 601 1996 MDCCCCLIV
612 1934 825 2013 complectitur
828 1944 849 1973 ‘⁴
867 1940 955 1991 Porro
968 1938 1051 2011 apud
1068 1936 1147 1992 Cice·
1155 1964 1158 1969 ·

225 2047 230 2053 ·
287 2039 390 2076 ronem
402 2020 436 2077 do
448 2020 516 2075 Nat.
526 2021 559 2075 d.
576 2022 597 2075 l.
610 2036 635 2076 2.
651 2041 673 2075 c.
688 2036 724 2074 20
744 2020 903 2098 legiturr,
906 2018 1097 2074 .Planetarum
1114 2036 1148 2073 ex

289 2093 452 2176 disparibus
464 2102 647 2168 motionibus
667 2121 804 2176 magnum
823 2120 930 2154 anuum
950 2099 1149 2155 mathematici

287 2185 528 2250 nominaverunt,
541 2183 594 2257 qui
607 2197 668 2236 tum
683 2181 817 2248 efficitur,
831 2202 921 2255 quum
935 2182 1006 2235 solia
1021 2197 1051 2236 et
1063 2180 1148 2237 luntre

256 2302 258 2317 .
288 2282 318 2322 et
336 2267 466 2342 quinque
484 2263 643 2320 errantium
661 2263 695 2317 td
709 2262 846 2316 eandem'
838 2279 915 2317 mter
926 2264 952 2316 se
965 2263 1149 2336 compositio·

289 2367 369 2413 nem,
387 2347 526 2400 consectis
548 2344 681 2398 omnium
702 2344 820 2414 spatiia,
848 2343 886 2396 est
902 2345 975 2398 facta
993 2342 1148 2408 conversio,

292 2430 373 2499 Quae
394 2445 480 2500 quam
497 2424 585 2502 longa
603 2426 645 2491 stt,
663 2443 764 2500 magua
783 2424 827 2483 est'
840 2425 982 2498 quaestio:
1007 2426 1060 2495 esse
1078 2441 1148 2485 vero

287 2523 395 2564 certam
407 2523 436 2562 et
450 2507 598 2562 definitam
617 2505 721 2560 necesse
740 2504 807 2567 est.“
824 2544 827 2549 -
842 2504 885 2557 nd
904 2505 1150 2559 eundem'annum

291 2591 411 2664 respicit
422 2590 527 2646 Cicero
539 2588 573 2642 de
585 2588 736 2651 sin.2,51.
770 2586 908 2651 „ldemne
920 2586 1011 2658 potest
1024 2586 1077 2641 esse
1089 2586 1150 2639 dica

290 2673 415 2746 saepius,
433 2672 486 2745 qui
500 2668 589 2727 semel
604 2668 683 2723 suits
701 2668 784 2722 Certe
800 2684 861 2719 non
880 2667 980 2739 potest.
1015 2666 1150 2736 Anejur·

178 2813 187 2829 x
271 2752 355 2814 ,dem
372 2753 472 2807 modii
490 2751 536 2819 Ne
551 2750 582 2804 id
597 2748 733 2823 quidem
756 2747 810 2800 nisi
830 2747 922 2802 muita
942 2765 1087 2802 annorum
1106 2746 1150 2799 in·

289 2834 463 2890 teroesserint
476 2832 583 2896 millia,
604 2847 636 2897 ut
649 2831 782 2884 omnium
801 2829 923 2883 fiderum
942 2828 1055 2894 eodem,
1074 2827 1151 2883 unde

288 2914 416 2991 prosecta
433 2916 498 2980 sint,
515 2914 565 2966 fiat
581 2912 616 2967 ad
634 2930 726 2966 unum
745 2924 857 2982 tempus
874 2911 1007 2965 revermsro
1009 2916 1031 2945 “

253 2997 318 3070 (42)
333 2992 473 3051 A'ccedit'
462 3013 523 3065 Jam
536 2993 571 3047 ad
589 2991 669 3058 deos,
688 3009 758 3065 quos
774 2990 926 3065 popularis
944 2992 1054 3069 religio
1072 2995 1151 3051 cola.

292 3078 348 3134 bat.
383 3075 462 3149 Quid
481 3074 557 3129 de''
533 3092 573 3131 us
588 3073 706 3129 senserit
725 3087 754 3127 et
767 3088 907 3146 quantum
921 3073 1165 3145 asuperstitione·

289 3159 407 3234 vulgari
424 3155 609 3211 abhorruerit
622 3154 717 3221 Pluto,
734 3155 785 3209 vel
802 3174 838 3207 ex
855 3153 912 3208 hoc
929 3154 997 3209 loco
1011 3155 1080 3227 satit
1091 3177 1152 3213 ma.

289 3234 426 3294 nisesturn
447 3237 575 3305 elisubi
596 3254 695 3293 omnes
713 3234 765 3289 bos
784 3233 851 3290 deor
870 3256 885 3288 a
904 3235 957 3288 deo
977 3253 1037 3290 uno
1056 3255 1152 3313 eoque

291 3322 404 3376 summo
428 3333 545 3384 creatos,
564 3333 591 3374 et
608 3316 649 3372 ab·
665 3335 700 3372 eo
715 3314 825 3372 mund'o
846 3315 1022 3390 aspectabili,
1036 3316 1087 3374 vel
1099 3336 1153 3395 po·

288 3401 350 3454 tius
363 3399 489 3455 terrestri
503 3414 627 3465 tantum,
645 3398 782 3472 praesides
796 3399 967 3452 constitutos
984 3399 1036 3452 esse
1054 3398 1152 3467 docet,

287 3482 439 3559 postquam
451 3481 531 3537 Deus
546 3480 600 3536 ille
614 3481 741 3535 summus
754 3496 855 3533 eorum
866 3479 1031 3542 ministerio
1049 3479 1084 3534 nd
1095 3479 1151 3536 ho·

286 3560 379 3618 minin
398 3577 617 3638 ceterorumque
639 3560 813 3615 animalium
833 3561 1009 3620 terrestrium
1028 3560 1153 3616 cr‘eatio·

284 3663 354 3698 nem
373 3645 439 3699 usus
458 3644 532 3698 esset.
566 3642 637 3697 Non
662 3642 742 3699 enim
760 3642 882 3695 omniuo
908 3641 1022 3696 nullam
1041 3641 1153 3698 horum

283 3723 474 3798 popularium
484 3717 607 3787 'deorum
623 3724 770 3778 rationem
784 3722 886 3777 habere
899 3737 1023 3797 poterat,
1039 3724 1153 3798 quippo

285 3803 400 3859 cautior
412 3805 504 3861 stetur
522 3805 648 3859 Scor-atie
668 3805 755 3858 sorte:
784 3803 832 3858 sed
852 3804 1003 3882 vulgarem
1017 3805 1153 3878 supersti-

283 3885 396 3943 tionem
407 3883 612 3963 philosophiee
632 3885 697 3943 suae
712 3885 838 3962 „quodam
848 3887 938 3942 modo
950 3886 1153 3942 accommoda·

286 3990 289 4007 ¹
1117 3987 1151 4025 ιο
