2476 4576
227 310 301 377 250
351 246 928 381 sedr.11.c5.nrrnu.eraue
939 248 1100 353 Sacran.
1126 268 1136 287 '
1195 250 1199 257 ’

230 488 371 532 turnum
382 471 447 530 vrta
456 467 646 531 erudiretur
690 462 917 559 Querebatur
907 462 1021 545 igitur,
1031 460 1064 527 se
1077 473 1157 538 tum,

231 587 339 648 quum
341 555 404 628 illa
418 567 528 627 videre
540 560 697 644 coepisset,
711 559 878 642 exstingui.

58 652 178 743 ,Nat-hl
194 672 222 722 ²»
298 667 375 728 Non
389 667 519 725 ferenda
531 658 738 743 Theophrasti
755 656 965 721 inconstantia
979 655 1042 719 est:
1062 657 1158 721 modo
1208 710 1210 737 ;

127 727 170 781 ²3⁹
234 764 329 824 enim
349 765 455 825 menti
476 761 630 825 divinum
654 759 776 837 tribuit,
796 759 1036 838 principatum,
1066 756 1159 819 modo
1208 774 1210 819 :

234 861 340 921 coelo:
370 847 581 927 tumentem
603 857 697 940 Quia
724 843 942 937 sideribusque
967 846 1160 916 coelestibus.
1190 856 1210 919 ,ἓ

74 957 124 1011 At.
149 973 174 1020 ι,
195 974 223 1034 9·
317 956 563 1040 Theophrastus,
584 958 634 1016 vir
648 968 681 1016 et
694 955 837 1015 oratione
854 952 969 1029 suavia,
988 953 1080 1014 etita
1093 969 1160 1014 mo·

203 1046 223 1086 ’-
234 1070 333 1129 ratus,
348 1071 385 1116 ut
400 1075 475 1138 prae
495 1054 526 1117 se
539 1055 737 1136 probitatem
750 1052 915 1133 quandam
934 1065 967 1112 et
981 1052 1161 1133 ingenuita-

236 1166 305 1213 tem
320 1154 427 1228 ferret',
440 1155 668 1215 vehementius
684 1151 776 1233 fregit
790 1150 931 1229 quodam
941 1149 1046 1210 ruodo
1060 1140 1162 1210 aucto·
1172 1163 1180 1199 .-

185 1237 188 1241 ’
221 1254 368 1313 'ritatem
381 1254 498 1312 veteris
512 1249 704 1330 disciplinae.
734 1249 888 1329 Spoliavit
903 1249 996 1310 enirn
1008 1233 1163 1309 virtutem

172 1390 179 1415 ι
237 1348 296 1410 suo
318 1350 440 1421 decore,
463 1348 727 1427 imbecillamque
744 1338 898 1422 reddidit,
929 1346 1017 1426 quod
1041 1347 1165 1430 negavit

77 1439 275 1519 Tusc.5‚9·'in
292 1468 327 1509 ea
346 1446 407 1508 sola
418 1447 560 1528 positum
573 1445 632 1512 esse
646 1448 736 1506 beate
748 1448 866 1505 vivere.
888 1476 929 1491 «-
947 1443 1045 1507 Idem
1064 1462 1171 1525 quum·

197 1566 205 1588 ι
239 1536 399 1621 statuisset,
414 1546 558 1618 verbera,
571 1557 747 1618 tormenta,
761 1543 928 1615 cruciatur,
944 1543 1069 1623 patriae
1080 1561 1164 1608 ever·

184 1720 186 1725 ,
238 1628 359 1717 tiones,
382 1643 506 1716 exfilia,
529 1642 678 1702 orbitates
706 1659 863 1724 magnam
888 1642 961 1700 vim
986 1641 1109 1703 habere
1131 1634 1185 1701 ad*

239 1740 327 1806 male
342 1738 522 1826 misereque
543 1739 743 1813 vivendum,
763 1735 835 1799 ndu
855 1736 899 1801 est
920 1736 1016 1817 ausua
1039 1739 1121 1801 elate
1138 1748 1167 1800 et

141 1908 142 1913 η
240 1839 349 1920 ample
361 1839 469 1921 loqur,
492 1859 598 1918 quum
619 1836 790 1898 humiliter
810 1836 1006 1916 demisseque
1029 1834 1167 1899 sentiret.

136 1939 138 1947 '
237 1935 352 2023 Quam
375 1937 477 2011 bene,
506 1955 576 1998 non
611 1936 790 2016 quaeritura
824 1933 1002 1996 constanter
1036 1937 1166 2016 quidem

223 2062 225 2067 .
242 2045 336 2095 certe
377 2034 488 2114 Itaque
507 2035 593 2094 mibi
610 2033 735 2114 placere
754 2051 823 2093 non
846 2032 924 2094 solet
943 2026 1176 2114 consequentia⁸

239 2127 487 2210 reprehendere,
508 2150 614 2211 quum
623 2132 732 2211 prima
747 2113 940 2191 concesseris.
980 2128 1167 2196 Hicautem

137 2244 139 2257 ·
240 2224 492 2311 elegantissimus
514 2208 950 2310 omniumphildsophorum
971 2243 1004 2289 et
1025 2228 1168 2293 eruditis·

243 2323 360 2400 fimus,
382 2345 452 2388 non
469 2345 667 2409 magnopere
694 2327 958 2406 reprehenditur,
984 2347 1097 2409 quum
1116 2332 1167 2391 tria

244 2443 364 2506 genera
377 2424 453 2485 dicit
465 2425 649 2486 bonorum·
669 2437 803 2485 vexatur
815 2438 927 2487 autem
946 2426 984 2486 ah
1004 2429 1167 2515 omnibus,

243 2523 395 2602 primum
410 2522 444 2581 in
461 2541 500 2583 eo
516 2523 617 2595 libro,
638 2541 739 2600 quem
741 2518 871 2604 scripsrt
886 2521 924 2584 de
941 2524 1007 2585 vita
1023 2526 1145 2621 beata,
1134 2545 1168 2586 ru

243 2638 308 2700 quo
324 2619 430 2680 multa
446 2617 595 2700 disputat,
615 2620 854 2698 quamobrem
845 2641 883 2696 rs,
905 2622 961 2701 qui
976 2634 1169 2704 torqueatur,

41 2704 43 2713 ’
202 2723 212 2741 ‘
245 2719 302 2797 qui
316 2718 494 2795 crueretur,
510 2718 629 2778 ‘beatus
646 2715 788 2779 essenon
809 2717 911 2801 poffit.
955 2723 993 2782 ln
1013 2740 1054 2780 eo
1069 2708 1191 2785 etiam'

130 2859 136 2870 .
243 2829 377 2897 putatur
389 2816 505 2890 dicere,
518 2817 554 2875 in
567 2828 673 2877 rotam
695 2816 741 2905 (id
757 2816 800 2878 est
813 2836 917 2900 genus
929 2806 1169 2901 quoddam‘tor·
1196 2856 1199 2863 ·

66 2933 72 2946 ·
132 2916 138 2928 ⁸
245 2914 352 2977 menti
365 2915 450 2997 apud
466 2914 619 2988 Graecos)
640 2914 767 2976 beatam
788 2917 891 2979 vitam
908 2935 978 2977 non
996 2916 1170 2981 escendere.

170 3016 174 3025 '
246 3014 322 3075 Non
343 3029 484 3093 usquam
505 3011 538 3073 id
560 3009 790 3092 quidem'dicit
817 3013 971 3078 omnino:
1002 3013 1074 3091 sed,
1095 3036 1171 3099 quae

247 3111 335 3188 dicit,
356 3113 447 3173 idem
461 3111 581 3173 valent.
622 3108 756 3194 Possum
770 3114 877 3197 igitur,
893 3113 1171 3191 cuieonoessotinr,

245 3211 282 3270 in
302 3209 398 3270 malis
418 3209 479 3271 effe
499 3197 625 3271 dolores'
651 3212 808 3292 corperis,
838 3213 874 3272 in
892 3212 988 3273 malis
1009 3212 1173 3297 naufragia

52 3382 61 3391 .
199 3386 203 3395 .
248 3308 409 3385 fortunae,
423 3309 499 3369 huic
513 3306 694 3379 succensere
707 3310 837 3388 dicenti,
857 3330 926 3371 non
940 3326 1058 3371 omnes
1070 3312 1173 3375 bonor

89 3417 94 3455 ί
148 3438 151 3443 -
249 3406 450 3480 effebeatoe,
475 3427 582 3488 quum
594 3431 629 3470 ru
643 3426 759 3479 ornnee
773 3407 877 3469 honos
890 3428 942 3483 ea
960 3427 1043 3489 quae
1064 3409 1172 3471 illein

244 3507 342 3568 malis
358 3521 523 3589 numerat,
533 3502 644 3568 cadere
656 3501 796 3586 possint?
817 3505 1054 3569 Vexaturidem
1068 3509 1174 3569 Theo·

247 3602 410 3668 uhrastua
406 3619 438 3665 et
448 3606 538 3668 libris
552 3618 583 3666 et
596 3603 709 3665 scholia
723 3605 879 3681 omnium
891 3580 1173 3686 philosophorum,
1195 3592 1199 3599 ⁸

255 3702 385 3776 quodin
400 3699 660 3766 Callisthenesuo
676 3694 751 3780 (vid
676 3699 836 3788 (sup
857 3713 888 3785 p.
903 3718 973 3766 210.
975 3702 1084 3783 116.)
1104 3704 1175 3764 lau·

255 3796 330 3863 dart
342 3803 434 3869 rllaru
447 3802 656 3865 sententiam·
679 3803 812 3897 „Vitam
833 3801 914 3885 regit
939 3801 1083 3878 fortuna,
1105 3819 1176 3863 non

255 3880 431 3977 sepieutias‘
473 3902 600 3986 Negant
625 3901 664 3964 ah
692 3901 771 4015 ullo
782 3877 971 3984 philosopho
993 3899 1177 4013 quidquam

1048 3988 1178 4061 dicrum

922 4097 943 4129 s
