2476 4576
252 284 323 395 286
373 296 480 375 Scor.
488 308 535 374 11.
554 308 591 372 C.
609 322 642 390 5.
657 296 711 370 'nu
726 253 984 383 peruenire.
1002 306 1175 381 Secura.

251 482 284 543 e't
305 482 436 564 reliquis
458 481 613 543 motibus.
656 482 785 542 Tertius
809 501 849 543 ex
870 480 1118 545 commoditate
1144 502 1189 544 re·

251 588 343 653 rum,
361 599 438 662 quaa
454 581 662 662 percipimus,
684 591 716 639 et
730 581 833 662 copia.
873 578 1015 665 Quartus
1032 600 1075 640 ex
1097 578 1187 640 estro·

250 697 329 742 rum
351 677 475 752 ordine,
500 677 645 755 coelique
671 675 852 737 constantia.
1064 679 1068 691 '

149 814 156 828 ·
191 760 217 829 ι’
333 774 442 836 Sidera
465 787 531 833 tota
550 772 610 833 elie
631 775 725 855 ignea
747 773 890 834 duorum
906 771 1082 859 ‘sensuum
1104 774 1188 838 testi·

178 881 186 900 '
248 874 364 933 monio
381 871 565 931 confirmari
582 871 753 932 Cleanthes
773 883 877 952 putat,
899 883 1000 929 tactus
1020 887 1057 932 et
1081 876 1187 941 oculo,

237 989 336 1032 rum.
378 969 465 1030 Nam
487 966 560 1028 sotis
582 970 701 1029 candor
732 966 882 1028 illustrior
910 966 969 1043 est,
1006 968 1112 1048 quarn
1139 973 1187 1032 ιἰ1.

247 1068 312 1127 lius
332 1068 418 1151 ignis
427 1111 436 1136 ,
457 1066 561 1144 quiin
579 1063 744 1125 immenso
762 1066 890 1124 mundo
900 1069 975 1137 'tam
988 1056 1096 1150 longo
1113 1070 1187 1133 late-

231 1162 311 1247 que
335 1163 505 1224 colluceat:
521 1172 561 1222 et
579 1163 606 1221 is
631 1160 700 1239 ejus
719 1175 821 1222 tactus
841 1156 897 1236 est,
918 1182 985 1222 non
1006 1177 1047 1224 ut
1070 1167 1185 1246 tepefa-

247 1264 308 1321 ciat
334 1260 454 1336 solum,
483 1255 535 1319 sed
569 1256 669 1319 etiam
694 1250 783 1340 saepe
801 1253 991 1322 comburat.
1024 1261 1189 1345 Quorum„

79 1335 83 1354 ¹
164 1408 168 1421 ,
244 1373 404 1421 neutrum
426 1342 763 1432 faceret,nii1effet
754 1354 878 1442 igneua
905 1357 1028 1439 Ergo,
1069 1362 1182 1440 inquit,

241 1477 353 1538 quum
372 1455 445 1517 sol·
437 1473 551 1538 igneus
571 1453 622 1529 fit,
643 1456 818 1534 oceanique
847 1453 948 1513 alatur
971 1455 1182 1531 humoribus,

219 1585 227 1610 ι
246 1557 320 1637 quia
334 1552 469 1620 nulius'
461 1552 543 1633 ignis
558 1549 623 1610 fine
636 1550 724 1630 pastu
739 1538 846 1631 aiiquo
861 1548 901 1631 po
884 1546 952 1610 offit
966 1571 1180 1632 permanere;

186 1652 189 1657 ⁴
243 1651 365 1716 neceffe
387 1648 430 1710 est
452 1662 508 1709 aut
529 1648 640 1707 firnilis
665 1645 744 1707 iit
735 1650 824 1732 igni,
853 1666 955 1729 quem
985 1646 1179 1714 adhibemus

242 1732 282 1812 eri
310 1748 408 1809 usum
437 1759 531 1827 atque
555 1745 701 1822 victum,
737 1759 793 1806 aut
821 1745 868 1822 ei,
904 1747 961 1829 qui
989 1751 1196 1829 corporibuc

199 1912 201 1919 ,
240 1847 462 1909 animantium
490 1840 685 1905 continetur.
729 1840 838 1922 Atque
872 1842 926 1902 hic
950 1843 1095 1906 noster
1087 1850 1174 1931 ignis,

241 1949 342 2026 qu'em
355 1940 432 2003 uiua
446 1943 532 2001 vitae
554 1941 700 2020 requirit,
718 1932 884 2001 confector
904 1939 947 2001 est
967 1954 1000 2000 et
1022 1944 1175 2007 consum·-

237 2056 290 2105 τοι
310 2040 478 2123 omnium,
499 2030 665 2134 idemque,
687 2030 883 2117 quocunque
904 2037 1037 2114 invafit,
1063 2054 1174 2102 cuncta

239 2141 391 2218 disturbat
410 2157 446 2198 ac
468 2118 598 2248 dissipat.
643 2133 762 2195 Contra
781 2134 835 2194 ille
859 2143 1051 2235 corporeus,
1074 2139 1172 2200 viralis

239 2251 272 2300 et
283 2236 442 2310 salutans
460 2233 572 2294 omnia
592 2229 770 2308 conservat,
791 2232 864 2305 alit,
886 2227 1003 2316 auget,
1031 2233 1170 2310 sustinet,

149 2382 153 2390 ,
239 2316 397 2414 ieniuque
413 2327 515 2391 afficit.
559 2331 661 2412 Negat
683 2336 759 2412 ergo
780 2321 840 2390 elie
867 2328 1028 2408 dubium,
1051 2335 1168 2393 horum

193 2438 198 2449 '
238 2432 370 2512 ignium
389 2426 435 2488 sol
449 2429 521 2495 utri
529 2416 640 2488 {imilis
655 2424 707 2501 iit,
729 2438 834 2507 quum
854 2427 880 2487 io
897 2445 1027 2508 quoque
1049 2427 1167 2505 efficiat,

236 2540 275 2587 ut
297 2526 409 2586 omnia
430 2524 567 2586 floreant
586 2537 618 2586 et
639 2527 676 2585 in
705 2522 762 2586 sub
779 2545 936 2623 quaeque
962 2544 1087 2609 genere
1112 2547 1167 2651 pu

185 2615 373 2687 bescant

27 2765 28 2768 ¹
52 2720 130 2778 *Tin
132 2734 240 2790 nar.
318 2706 480 2784 Tabulam
493 2704 662 2785 Cleanthes
687 2717 761 2781 iane
777 2717 951 2781 commode
972 2721 1127 2782 verbis
1097 2740 1164 2804 pm·

85 2823 87 2827 ’
204 2828 308 2905 'gere
327 2804 519 2896 tolerato).
562 2817 698 2880 Jub‘ebat
721 2836 791 2892 eos,
821 2819 878 2895 qui
897 2808 1090 2897 audiebant,
1121 2820 1163 2881 ie·

234 2938 328 2993 cum
324 2916 412 2997 ipsos
440 2919 577 2998 cogitare
602 2917 724 2996 pictam
748 2916 785 2975 in
799 2915 916 2979 rabula
948 2917 1162 2998 voluptatem,

231 2998 560 3098 pulcerrimorvesttru
579 3027 620 3074 et
629 3025 744 3072 ornatu
767 3012 904 3094 regali,
896 3034 943 3081 ιιι
954 3011 1034 3074 solio
1057 3014 1161 3076 seden·

231 3125 316 3176 tem
308 3159 318 3190 ‚
338 3109 458 3201 praesto
480 3109 539 3172 effe
558 3112 710 3187 virtutes,
736 3123 775 3211 ut
794 3109 979 3213 ancillulas,
1007 3132 1118 3193 quae
1114 3114 1162 3173 ni·

1009 3269 1016 3275 .
1082 3208 1160 3270 hil

107 3477 109 3483 Α
251 3407 314 3483 (4)
332 3404 482 3479 augustin.
500 3402 535 3458 de
553 3404 620 3458 Cir.
638 3403 745 3470 De15,
765 3418 810 3458 20.
845 3402 947 3459 Solent
971 3370 1159 3480 philosopiri,

194 3517 196 3523 ·
298 3487 352 3562 qui
367 3488 457 3539 finem
476 3485 547 3539 boni
552 3485 716 3564 Ιιιιιιιιψί
708 3504 740 3538 ιιι
758 3488 817 3558 ipsa
836 3487 949 3538 virtute
967 3488 1160 3554 constituunt,

297 3563 348 3622 ad
367 3555 558 3639 ingerendum
589 3568 748 3640 pudorem·
760 3569 932 3640 quibusdam
962 3567 1160 3641 philosophis,

282 3649 348 3724 1(χιιι
366 3648 549 3722 voluptatem
581 3666 633 3721 pet
656 3648 683 3703 se
709 3649 801 3720 iplam
828 3661 930 3721 putant
961 3651 1159 3721 appetendam,

148 3789 152 3795 ,
293 3731 419 3782 virtutes
446 3745 565 3805 propter
596 3729 698 3800 ipsam,
732 3728 864 3785 tabulam
889 3731 1031 3798 quandam
1060 3732 1157 3786 verbis

195 3857 197 3861 Α
293 3809 423 3884 pingere,
442 3810 492 3864 ubi
509 3809 672 3882 voluptate
665 3830 697 3862 ιιι
715 3809 783 3863 [ella
802 3810 895 3887 regali
913 3812 1052 3886 confidat,
1072 3815 1156 3889 eique

294 3891 421 3946 virtutae
438 3889 560 3947 famulae
578 3890 844 3959 subjicianturete.
1106 3916 1164 3968 ,3
1192 3944 1196 3952 ,
