2476 4576
154 230 160 243 Ι
229 300 303 368 230
352 237 1137 381 Suet.ls.C.3.nuPr11c.Gnenc.Secessi.'
1194 246 1199 253 ψ

231 462 372 523 ιιιὶιιιιιιι
383 462 448 522 vrta
457 459 647 523 erudiretur
690 455 896 543 Querebatur
908 442 1065 539 rgrturjse
1074 442 1158 533 'tun

232 578 339 639 quum
342 546 405 620 illa
419 559 528 619 videre
541 553 698 638 coepisset,
712 553 879 637 exstingui.
1038 594 1044 601 -
1202 542 1208 599 s

58 642 179 733 ,Nat-‘¹
195 663 223 712 ιι
299 658 376 719 Νοιι
390 658 520 717 ferenda
531 651 738 735 Theophrasti
756 646 966 714 inconstantia
980 649 1044 714 est.
1063 652 1159 715 modo
1206 684 1208 697 =

129 717 171 772 ιδ’
235 755 330 814 enim
349 756 456 844 menti
477 753 631 816 divinum
654 752 769 831 tribuit
796 752 1037 831 principatum,
1066 751 1160 814 modo

235 851 341 912 coelo:
371 838 447 913 tum
469 864 582 919 autem
604 849 698 933 signio
725 836 943 931 sideribusque
968 832 1161 911 coelestibus·
1191 908 1194 915 .

75 947 125 1000 Ab.
150 963 175 1010 1,
195 964 224 1043 9.
318 948 564 1031 Theophrastus,
584 950 634 1008 vir
649 959 681 1009 et
694 948 838 1007 oratione
854 945 969 1022 suavis,
988 949 1080 1008 etita
1093 964 1161 1009 mo·

203 1060 334 1120 ·ratus,
348 1062 386 1107 ut
401 1065 475 1129 prae
495 1045 527 1109 se
540 1046 737 1128 probitatem
751 1045 915 1126 quandem
935 1059 968 1107 et
981 1045 1161 1128 ingenuita-

235 1155 306 1204 tem
320 1145 427 1219 ferret,
441 1147 669 1206 vehementius
683 1143 776 1225 fregit
790 1143 932 1222 quodam
941 1143 1046 1204 modo
1061 1130 1163 1205 aucto·
1173 1158 1182 1194 ί
1201 1166 1208 1209 ,ι

221 1244 368 1304 ritatem
382 1246 498 1304 veteris
512 1244 543 1304 di
547 1241 704 1322 sciplinae.
734 1242 889 1322 Spoliavit
903 1243 996 1304 enim
1008 1228 1164 1304 virtutem

172 1338 296 1405 ,[ιιο
318 1341 440 1419 decore,
462 1340 726 1419 imbecillamque
744 1332 898 1415 reddidit,
929 1340 1018 1420 quod
1041 1342 1165 1425 negavit

17 1456 20 1462 ·
77 1428 160 1488 Tusc
167 1380 247 1509 69·
238 1459 274 1499 ιιι
292 1458 326 1499 ea
346 1438 407 1499 sola
418 1439 559 1519 positum
572 1437 632 1505 eise
646 1440 736 1499 beate
748 1440 866 1499 vivere
888 1470 929 1485 -
947 1437 1045 1501 Idem
1064 1457 1171 1520 quum·

196 1556 205 1579 ι
238 1527 399 1631 statuisset,
413 1538 557 1611 verbera,
570 1550 747 1610 tormenta,
761 1536 929 1609 cruciatus,
944 1537 1067 1616 patriae
1080 1557 1164 1604 ever

62 1618 67 1627 ’
155 1709 157 1713 y
238 1635 359 1708 srones,
382 1635 506 1707 exulta,
528 1634 677 1696 orbitates
706 1653 863 1718 magnam
888 1635 961 1694 vim
986 1624 1108 1698 bebere
1130 1628 1185 1696 ad'

239 1732 326 1796 male
341 1730 521 1818 misereque
543 1732 742 1806 vivendum,
763 1729 834 1793 udn'
854 1730 898 1794 est
919 1730 1015 1793 ausus
1039 1733 1121 1795 elate
1138 1744 1166 1795 et

16 1815 24 1839 “
115 1814 145 1839 ”
239 1830 348 1911 ample
360 1831 468 1912 loqui,
491 1850 597 1910 quum
618 1829 789 1915 humiliter
809 1829 1005 1911 demisseque
1028 1829 1165 1894 sentiret.

135 1929 137 1938 '
236 1926 351 2014 ¹Quam
375 1928 477 2003 bene,
505 1947 575 1989 non
610 1929 789 2008 quaeritur:
822 1927 1001 1990 constanter
1036 1916 1165 2012 quidem

222 2036 335 2085 certe.
377 2026 487 2105 Itaque
507 2026 592 2086 mibi
609 2025 734 2107 placere
753 2045 822 2086 ιιοιι
845 2026 923 2088 solet
942 2020 1184 2113 consequentia‘l

239 2118 487 2201 reprehendere,
507 2142 612 2203 quum
622 2125 731 2203 prima
746 2107 956 2213 concesserie.·
979 2124 1166 2191 -Hicautem

136 2234 138 2247 ·
239 2216 491 2302 elegantissimus
513 2214 669 2283 omnium
680 2219 948 2302 philosophorum
970 2238 1003 2284 et
1025 2223 1167 2288 eruditis·

242 2314 360 2391 fimus,
381 2336 450 2379 non
468 2336 665 2401 magnopere
693 2321 957 2399 reprehenditur,
983 2341 1095 2404 quum
1114 2328 1168 2387 tria

243 2434 363 2497 genera
375 2415 452 2476 dicit
464 2416 647 2479 bonorum:
667 2430 801 2479 vexatur
814 2431 926 2480 autem
944 2419 983 2481 ab
1002 2424 1168 2500 omnibus,

242 2513 393 2592 primum
408 2513 443 2572 iu
460 2533 499 2574 eo
516 2514 615 2588 libro,
637 2504 743 2593 quein'
755 2513 870 2597 scripsit
884 2515 923 2577 de'
940 2519 1005 2579 vita
1022 2504 1123 2597 beata,
1134 2524 1169 2582 in

242 2628 306 2690 quo
323 2610 429 2672 multa
445 2608 594 2691 disputat,
614 2613 829 2691 quamobrem
844 2616 882 2689 is,
904 2617 960 2694 qui
974 2598 1170 2698 torqueatur,

40 2694 42 2704 ’
82 2730 102 2775 ·,
200 2713 210 2731 ’
243 2709 300 2787 qui
314 2710 493 2785 crucietur,
509 2710 628 2770 'beatus
644 2708 703 2771 esse
717 2731 786 2772 non
808 2710 909 2794 poffit.
953 2716 991 2776 ln
1012 2734 1053 2776 eo
1068 2704 1193 2782 etiam'

129 2848 134 2860 .
242 2819 375 2887 putatur
387 2807 503 2880 dicere,
516 2809 552 2867 in
566 2820 671 2869 rotam
693 2808 740 2882 (id
756 2809 798 2872 est
812 2829 915 2893 genus
928 2802 1172 2895 quoddem‘tor·
1200 2855 1203 2862 ·

64 2923 71 2936 ·
100 2897 136 2917 ’“
188 2952 195 2979 ·,
243 2905 351 2968 menti
363 2905 449 2987 apud
464 2906 617 2980 Graecos)
638 2892 766 2968 beatem
786 2910 889 2973 vitam
907 2929 977 2971 non
994 2911 1172 2978 escendere.

168 3007 172 3014 '
244 3005 320 3066 Non
341 3019 483 3084 utquam
503 3003 551 3064 id
558 3002 704 3084 quidem
711 3005 788 3067 dicit
815 3006 969 3073 dmninot
1000 3007 1072 3090 sed,
1093 3032 1173 3094 quae

245 3102 333 3179 dicit,
354 3103 445 3164 idem
459 3101 580 3164 valent
620 3101 777 3186 Possum
763 3107 875 3221 igitur,
889 3126 953 3167 cur
933 3108 1181 3187 concesserint,

226 3200 279 3261 in
300 3200 396 3262 malie
416 3198 476 3262 esse
497 3189 622 3270 dolores'
649 3203 807 3285 corporis,
836 3206 872 3266 in
890 3207 986 3267 malis
1007 3207 1174 3292 naufragia

49 3372 59 3381 ⁶
197 3299 406 3385 fortunae,
421 3300 497 3360 huic
510 3298 692 3373 succensere
705 3303 834 3381 dicenti,
854 3323 924 3365 non
938 3320 1055 3365 omnes
1068 3306 1173 3369 bonos

86 3407 92 3445 ι
146 3428 149 3432 -
247 3397 306 3459 effe
320 3400 447 3472 beatos,
473 3419 580 3480 quum
592 3423 627 3462 ιιι
641 3419 757 3472 umnec
771 3401 874 3462 bonos
887 3422 939 3477 ea
958 3421 1041 3482 quae
1061 3403 1117 3465 ille
1132 3404 1172 3467 'in

239 3497 339 3558 malis
355 3512 520 3601 duruerat,
530 3495 642 3560 cadere
653 3494 794 3579 possint?
815 3498 1052 3583 Vexaturidem
1065 3485 1173 3599 'shep-

245 3586 407 3672 phrastus
404 3609 435 3657 et
446 3597 535 3659 libris
549 3610 580 3657 et
593 3595 706 3658 scholio
720 3597 876 3673 omnium
889 3574 1172 3680 philosophorum,
1196 3588 1199 3595 ’

252 3693 356 3766 quod
347 3713 382 3754 ιιι
397 3692 586 3757 Callisthene
601 3691 657 3756 suo
674 3688 748 3773 (vid
674 3691 833 3781 (sup
854 3706 885 3778 p.
900 3712 970 3760 oro
986 3696 1080 3777 116..)
1101 3697 1173 3758 lau·

253 3786 431 3869 daritillam
445 3793 653 3856 sententiam:
677 3795 809 3889 „Vitam
830 3795 911 3878 regit
936 3794 1101 3872 fortuna,
1101 3814 1174 3858 non

251 3854 429 3967 sapleotia.“
470 3894 598 3978 Negant
622 3893 662 3956 ab
689 3893 768 4008 ullo'
779 3871 968 3977 pbilosopho
991 3893 1174 3993 puidquam

1045 3983 1175 4056 dictum

919 4091 940 4123 s
